2910 5002
436 453 606 519 Plancus
634 452 949 520 QUOTIDIANAE.
1156 455 1217 516 291

555 822 829 886 ALLEGA'PIO.

508 1078 565 1163 [1.]
611 1096 652 1142 nx
685 1095 786 1142 raam
819 1094 883 1140 nni.

567 1242 626 1327 [1.]
652 1243 779 1306 Natura
794 1244 863 1306 Dei.

169 1389 254 1453 Quia
286 1387 454 1452 miserator
487 1396 519 1452 et
549 1388 730 1457 misericors
761 1389 930 1468 Dominus,
961 1385 1155 1470 longanimis
1187 1391 1220 1448 ot

253 1516 393 1579 multum
415 1517 610 1595 misericors;

167 1644 245 1707 Non
270 1643 306 1706 in
335 1653 526 1728 perpetuum
556 1647 723 1724 irascetur,
748 1666 852 1728 neque
882 1645 917 1709 in
947 1652 1103 1708 aeternum
1133 1663 1220 1707 com·

253 1770 438 1834 minabitur.

169 1899 247 1962 Non
269 1899 446 1963 secundnm
469 1906 601 1982 peccata
625 1908 739 1965 nostra
761 1900 839 1965 fecit
862 1899 967 1977 nobis,

253 2048 358 2110 neque
381 2027 559 2093 secundum
581 2028 770 2112 iniquitates
791 2035 919 2093 nostras
942 2024 1094 2093 retribuit
1115 2022 1219 2088 nobis.

169 2155 330 2221 Quoniam
345 2156 520 2220 secundum
542 2157 748 2221 altitudinem
769 2156 844 2221 ooeli
858 2162 986 2234 aterrn,
1007 2149 1222 2217 corroboravit

254 2283 505 2348 misericordiam
527 2307 618 2348 suam
641 2306 736 2368 super
756 2285 908 2348 timentes
929 2283 1025 2347 Eum.

169 2412 336 2477 Quantum
358 2412 457 2478 distat
479 2423 569 2478 ortua
593 2414 633 2480 ab
655 2413 831 2491 occidente,
853 2412 949 2494 longe
969 2410 1047 2475 fecit
1072 2429 1092 2473 a
1113 2405 1207 2472 nobis

254 2541 441 2624 iniquitates
462 2550 599 2607 nostras.

169 2668 339 2733 Quomodo
353 2671 522 2734 miseretur
544 2679 635 2755 pater
657 2671 807 2750 filiorum,
822 2669 974 2735 misertus
990 2675 1039 2734 est
1056 2667 1220 2758 Dominus

255 2796 444 2861 timentibus
466 2800 560 2862 Eum.
612 2799 713 2882 [PsuL
738 2798 800 2863 ciii.
824 2797 976 2882 8[-12.]

170 2921 255 2989 Quia
277 2924 392 3001 suavis,
413 2932 446 2987 et
468 2925 565 3004 mitis,
582 2934 615 2989 et
636 2926 748 2990 multae
768 2924 995 2990 misericordiae
1009 2927 1058 2987 est
1072 2920 1221 2986 omnibns

256 3050 479 3116 invocantibus
500 3054 596 3118 Eum.
648 3055 749 3138 [Paul.
775 3053 886 3119 lxxxvi.
911 3053 957 3137 5.]

172 3179 285 3243 Suavis
316 3179 477 3243 Dominus
507 3181 673 3259 universis,
707 3190 741 3245 et
771 3181 993 3247 miserationes
1014 3181 1094 3265 Ejus
1127 3198 1222 3262 super

257 3307 365 3369 omnia
386 3329 483 3390 opera
505 3310 592 3393 Ejus.
644 3309 747 3394 [Paul.
770 3310 850 3375 cxlv.
876 3309 923 3392 9.]

172 3433 257 3501 Quia
277 3435 387 3498 volens
409 3435 661 3503 misericordiam
683 3445 741 3503 est
786 3438 886 3503 Man
911 3438 962 3503 vii.
988 3438 1038 3503 18.

172 3562 269 3625 Pater
290 3569 340 3625 est
361 3561 594 3631 misericordiae.
640 3569 662 3631 2
687 3566 756 3629 Gor.
780 3565 801 3631 i.
825 3567 855 3631 8.

172 3688 396 3754 Misericordia
417 3699 475 3754 est.
521 3694 611 3756 Paul.
634 3693 687 3755 lix.
713 3694 763 3758 17.

200 3879 233 3941 ui
266 3816 446 4009 {misereri
468 3838 549 3901 opus
571 3816 744 3900 proprium,

301 3945 415 4027 punire
429 3965 509 4026 opus
524 3943 665 4009 alienum
686 3952 719 4009 et
738 3944 953 4028 peregrinum
990 3946 1033 4010 Is
1050 3947 1154 4012 xxviii
1170 3949 1223 4015 21.

552 4201 610 4287 [2.]
634 4201 755 4266 Nomen
775 4203 846 4267 Det

176 4327 405 4410 Magnificetur
434 4329 535 4395 virtus
568 4330 710 4409 Domini,
742 4331 824 4397 sicut
855 4330 1073 4414 proclamavit,
1105 4330 1225 4411 dicens,
