2910 5002
441 447 611 512 Plancus
635 447 951 512 QUOTIDIANAE.

298 615 424 679 Fratres
446 624 479 679 et
504 618 642 693 Sorores,

384 748 417 804 et
439 763 550 806 eorum
571 741 697 819 liberos,

299 868 429 932 Amicos
452 877 485 932 et
508 869 746 947 Benefaotores,

385 996 688 1074 Recommendatos,

298 1121 494 1200 Familiares,
518 1122 731 1206 Propinquus,

253 1247 394 1311 Patriam
416 1257 450 1312 et
471 1270 601 1314 omnem
623 1250 782 1333 Populum

428 1374 659 1438 Christianum.

168 1626 301 1688 Suoauu
324 1626 420 1690 eorda
440 1626 614 1689 habeamus
637 1627 677 1690 ad
700 1627 895 1691 Dominum:

254 1752 301 1815 Ut
322 1773 395 1816 vere
418 1752 553 1836 dignum
575 1760 623 1816 eat
645 1759 678 1816 et
695 1754 831 1836 justum,

296 1882 489 1945 conveniens
511 1888 544 1944 et
566 1880 724 1955 debitum,

295 2008 330 2070 in
352 2007 501 2072 omnibus
526 2015 559 2071 et
581 2028 639 2091 per
660 2007 778 2086 omnia,

296 2135 330 2198 in
352 2136 617 2219 omnitempore,
640 2135 721 2212 loeo,
744 2134 851 2212 modo,

300 2263 407 2346 [Hora
428 2270 461 2326 et
485 2262 641 2345 regiona]

295 2409 428 2472 semper,
452 2389 582 2472 ubique,
607 2389 803 2467 omnimodo,

166 2517 227 2582 uui
248 2514 418 2592 recordari,
694 2515 740 2580 'Pe
762 2513 904 2591 adorare,

167 2643 239 2708 'libi
262 2642 417 2720 confiteri,
693 2642 738 2705 ΤΘ
759 2640 901 2718 laudare,

166 2769 237 2834 'libi
258 2768 458 2846 benedioere,
691 2768 737 2832 Po
758 2768 929 2846 celebrare,

381 2895 454 2959 'libi
478 2894 600 2978 gratias
625 2915 731 2977 agere,

168 3023 323 3087 Omnium
345 3021 501 3098 Creatori,
524 3021 641 3099 Altori,

253 3149 487 3227 Conservatori,
512 3149 739 3228 Gubernatori,
763 3148 923 3224 Curatori,

295 3277 441 3354 Auotori,
464 3276 733 3353 consummatori,

340 3404 481 3468 Domino
503 3411 536 3466 et
559 3401 659 3480 Patri,

307 3588 311 3595 .
384 3531 466 3613 Regi
489 3538 522 3593 et
545 3531 626 3609 Deo,

253 3662 349 3725 Ponti
371 3659 458 3723 Vitae
479 3665 512 3721 et
535 3655 803 3734 Immortalitatis,

295 3787 458 3852 Thesauro
480 3791 672 3849 aeternorum
694 3782 865 3860 bonorum

339 3916 446 3981 Quem
467 3912 602 3977 laudant
625 3908 717 3987 Coeli,

382 4048 415 4105 et
437 4040 520 4104 Coeli
543 4037 717 4112 Coelorum‚

254 4173 360 4237 Quem
382 4168 511 4252 Angeli,
533 4173 566 4231 et
588 4185 698 4230 omnes
721 4162 804 4228 coeli
826 4163 1014 4238 Potestates,

340 4296 568 4361 Indesinenter
590 4295 731 4358 interae
753 4291 939 4367 clamantes,
