2910 5002
438 452 608 518 Puucns
634 451 952 519 QUOTIDIANAE.
1159 456 1223 518 315

170 625 199 684 5.
225 622 290 688 Qui
312 620 418 687 totum
440 642 554 706 eorpus
576 619 725 700 distendi,

256 750 387 833 ignosce
408 770 465 834 per
485 749 575 822 illud,

341 877 492 961 quioquid
513 897 571 959 per
593 878 734 942 officium
756 878 899 942 omnium

426 1005 646 1072 membrorum
667 1007 751 1071 mole
774 1007 905 1092 deliqui.

167 1133 211 1197 Et
233 1153 302 1217 ego,
325 1132 475 1212 Domine,
497 1133 683 1199 vulneratus
705 1155 777 1198 sum
798 1133 834 1198 in
855 1133 963 1199 enims
973 1160 983 1212 ;

373 1259 627 1338 multitudinem,

283 1469 306 1511 n
371 1386 619 1472 longitudinem,

371 1515 589 1595 latitudinem,

370 1643 625 1728 profunditatem
646 1664 767 1722 eorum,

252 1795 273 1837 ιι
294 1772 398 1857 eapite
419 1792 522 1856 usque
544 1771 585 1835 nd
608 1771 747 1837 oeleem:

253 1447 282 1511 E

295 1901 340 1965 Et
360 1920 419 1983 per
440 1898 511 1965 'Pus
532 1919 611 1963 sono
631 1900 722 1963 mea!

169 2033 198 2094 1.
223 2027 368 2093 Pretiosa
387 2047 484 2103 mors,

165 2160 198 2222 2.
220 2155 347 2221 [asteris
368 2163 527 2239 apertura,

164 2285 197 2348 3.
221 2281 395 2366 sanguinis
416 2285 449 2345 et
472 2300 562 2364 oque
583 2279 715 2358 fluento,

164 2416 197 2477 4.
220 2409 444 2478 Emendiostio
466 2407 616 2493 eorporis,

171 2545 201 2606 5.
225 2536 395 2623 Depositio
418 2534 461 2599 de
483 2554 586 2612 oruoe,

166 2669 197 2732 6.
222 2663 395 2749 Sepultura
412 2663 449 2724 in
470 2660 584 2738 olien0,

167 2799 198 2861 7.
406 2788 578 2854 Triduum.

167 2925 229 2988 Per
249 2921 318 2986 hsec
339 2917 449 2983 omnis
471 2914 628 2979 admoneo
650 2913 706 2993 Te,
730 2919 764 2976 et
784 2932 863 2996 rogo
885 2913 941 2978 ue.

253 3047 395 3113 Obsecro
416 3044 472 3121 Te,
496 3048 534 3105 ut
555 3040 671 3105 offerre
693 3038 835 3124 digneris
856 3061 915 3124 pro
936 3047 998 3105 me'

293 3174 363 3236 haeo
383 3170 493 3236 omnia
512 3168 603 3233 Petri
623 3168 701 3233 Tuo.

165 3311 288 3374 Omnes
309 3297 540 3366 amaritudines
562 3317 642 3380 quus
663 3316 775 3380 passus
797 3316 843 3376 es,

250 3426 451 3496 Ohuritutem
472 3442 567 3506 super
588 3442 700 3487 omnes
722 3442 788 3506 qno
808 3442 920 3507 possus
942 3443 987 3487 es.

566 3668 821 3752 itonufipurotio.

167 3816 196 3880 1.
219 3809 414 3896 Triumphus
434 3812 469 3871 et
489 3802 652 3869 traductio
673 3800 921 3885 principatuum,

252 3946 286 4004 et
305 3939 501 4022 potestatum
522 3928 729 3994 tenebrarum
750 3927 786 3991 in
808 3928 921 4014 seipso.
970 3926 1054 4016 [Col.
1078 3931 1110 3994 ii.
1139 3931 1201 4015 15.]

162 4072 194 4135 2.
218 4069 338 4132 Potens
359 4057 556 4127 resurrectio.
602 4054 697 4140 [Pleu.
720 4053 765 4118 iii
788 4053 855 4138 10.]

330 4254 363 4269 ..
474 4186 503 4251 1.
527 4181 741 4268 Magdolenoe,
787 4181 885 4266 [Mar.
908 4181 970 4246 xvi.
993 4180 1039 4264 9.]

164 4261 194 4322 ³·
218 4205 440 4379 Appmmi
473 4313 504 4375 ι.
528 4308 731 4390 Muneribus,
778 4309 885 4394 [uati.
908 4308 1016 4374 xxviii.
1040 4308 1086 4392 u]
