2910 5002
195 437 261 497 400
469 435 639 499 PRECES
663 434 984 502 QUOTIDIANAE.

369 604 488 669 Filium
511 605 627 683 Patris,

343 724 350 735 ⁴
369 731 537 796 Christum
562 732 710 815 Spiritus,

370 858 548 921 Dominum
571 865 729 935 nostrum,

500 1049 506 1062 ,
587 986 730 1063 Creator,

454 1070 530 1130 qum
547 1005 792 1195 {Redemptcn

326 1239 355 1301 1.
379 1238 579 1321 conceptum
601 1259 679 1316 esse,
702 1245 740 1301 ut
761 1246 913 1321 purgaret

420 1363 658 1427 immunditiem
680 1363 898 1447 conceptionis
920 1371 1045 1431 naturae
1067 1373 1202 1433 nostrie.

322 1493 352 1553 2.
376 1490 503 1554 Natum
524 1511 603 1569 esse,
626 1498 663 1554 ut
685 1498 837 1574 purgaret
858 1491 1096 1558 immunditiem

421 1617 598 1680 nativitatis
620 1623 745 1680 naturae
766 1624 893 1681 nostrae.

323 1747 354 1806 3.
378 1744 523 1822 Possum,

539 1891 610 1952 quse
631 1892 691 1934 nos
713 1872 865 1954 oportuit,

536 2009 578 2052 ne
600 2010 659 2052 nos
681 1996 872 2071 pateremur.

321 2115 351 2176 4.
377 2114 583 2191 Crucifixum,

493 2240 542 2303 Ut
564 2240 657 2303 tollat
678 2240 937 2304 maledictionem
958 2241 1049 2323 legis.

322 2371 352 2429 5.
376 2367 556 2445 Mortuum,

495 2495 543 2558 Ut
563 2496 657 2558 tollat
678 2495 828 2559 aculeum
850 2494 971 2558 mortis

320 2624 349 2684 6.
376 2622 555 2705 Sepultum,
578 2628 616 2684 ut
638 2621 731 2685 tollat
753 2622 990 2704 corruptionem

538 2750 716 2832 Corporum
737 2749 772 2811 in
794 2748 971 2831 sepulchro.

323 2881 352 2941 7.
377 2877 586 2942 Descendisse
609 2877 647 2939 ad
664 2876 792 2954 inferos,

538 3023 600 3085 quo
623 3023 681 3065 nos
704 3002 856 3085 oportuit,

450 3152 491 3194 ne
513 3152 572 3193 nos
594 3129 859 3193 descenderemus
879 3148 1032 3209 unquam.

321 3260 350 3319 8.
376 3257 596 3320 Resurrexisse
619 3278 636 3319 a
659 3256 805 3332 mortuis,

450 3384 497 3445 Ut
518 3383 722 3445 resuscitaret
745 3402 853 3443 secum
876 3399 942 3442 una

532 3509 695 3571 Naturam
717 3514 869 3583 nostram,
892 3504 1041 3587 primitiae

576 3635 681 3698 factus
703 3631 941 3697 dormientium.

316 3769 346 3828 9.
368 3762 558 3827 Ascendisse
580 3762 616 3825 in
638 3761 764 3837 coelum,

457 3890 505 3952 Ut
527 3898 682 3973 praeparet
703 3887 796 3951 nobis
817 3887 935 3964 locum,

531 4015 588 4078 ubi
610 4014 703 4078 nobis
725 4013 807 4077 nihil
828 4012 920 4096 juris.

295 4143 347 4204 10.
373 4141 492 4205 Sedere
515 4141 555 4204 ad
577 4141 723 4204 dextram
745 4139 861 4217 Patris,

461 4267 509 4332 Ut
530 4267 750 4330 indesinenter
773 4271 924 4349 appareat
