2910 5002
258 454 321 515 282
541 448 713 516 Peneus
737 448 1056 518 QUOTIDIANAE.

433 618 545 697 Miser,

433 747 496 812 Ter
517 747 624 824 miser,

479 895 553 938 cum
575 874 785 939 Daemonibus
806 873 842 936 in
862 873 1016 952 tenebris,

436 1002 605 1080 Deorsum,

481 1129 523 1191 In
545 1128 669 1214 abysso,
693 1150 790 1213 quam
812 1134 845 1193 et
866 1129 936 1212 ipse
957 1127 1113 1192 Diabolus

523 1257 634 1320 tremit
656 1264 690 1321 et
711 1254 935 1339 perhorrescit,

264 1385 307 1449 In
328 1384 448 1448 visione
470 1384 543 1462 Dei,
891 1383 934 1446 In
955 1382 1160 1447 aversatione.

352 1515 480 1578 Durum
503 1535 522 1576 a
545 1512 672 1576 Sanctis
692 1511 843 1596 separari,

440 1643 561 1709 Durius
583 1664 603 1705 a
624 1642 705 1720 Deo,

267 1770 447 1853 Inglorium
728 1767 849 1852 Ligari,
871 1767 953 1852 ejici.

267 1898 499 1962 AErumnosum
729 1896 772 1958 In
793 1896 904 1978 ignem
926 1895 1048 1979 projici.

269 2026 374 2089 Grave
729 2024 876 2089 Clamare
898 2033 931 2088 et
952 2045 1020 2088 non
1041 2023 1194 2110 adjuvari.

267 2153 424 2218 Amanum
734 2152 811 2216 Sine
832 2151 1109 2216 commiseratione
1124 2157 1232 2234 petere
1248 2153 1324 2232 gnt-

787 2290 856 2346 tam
878 2303 978 2365 aquae,
1000 2289 1033 2346 et
1054 2302 1121 2346 non
1142 2280 1324 2362 impetrare.

315 2593 322 2607 ,
429 2531 482 2595 Ab
504 2533 594 2595 omni
616 2533 701 2597 malo
724 2541 756 2597 et
779 2533 967 2611 infortunio,

268 2592 364 2677 Em
393 2548 460 2724 in
482 2661 641 2744 corruptis
663 2670 785 2740 mente,
830 2663 847 2726 1
868 2663 945 2726 nm.
961 2661 1004 2724 vr.
1017 2665 1047 2725 o.

484 2785 537 2848 Ab
559 2786 677 2864 Ashur,
722 2787 800 2849 Hos.
816 2786 859 2850 xi.
877 2790 908 2853 5.

484 2913 666 2992 Jeroboam,
714 2913 970 2996 1Re9.xii.27.

487 3041 642 3120 Roboam,
689 3044 802 3126 chp.
817 3044 871 3108 xii.
889 3044 940 3107 13.

485 3167 579 3231 Valle
601 3169 719 3249 Achor,
753 3169 873 3261 ·[Jost.
889 3170 943 3234 vii.
960 3170 1029 3253 24.]

268 3293 300 3354 A
322 3291 438 3375 spiritu
459 3295 544 3356 malo
568 3295 825 3375 sichemitarum,
870 3297 946 3361 Jud.
960 3298 1001 3361 ix.
1018 3301 1070 3362 23.

269 3418 322 3482 Ab
344 3420 433 3483 omni
455 3421 615 3500 scandalo,
639 3423 759 3503 dolore,
781 3423 926 3502 infamia,

368 3546 480 3629 lingua
502 3546 620 3624 dolosa,

212 3732 217 3742 ,
271 3675 302 3737 A
369 3673 461 3736 labiis
476 3673 639 3756 perversis,
690 3674 756 3757 [Ps.
773 3695 841 3740 cxx.
859 3675 906 3759 2.]

369 3801 503 3884 laqueis,
553 3802 622 3887 [Ps.
639 3803 698 3868 xci.
714 3803 762 3887 3.]

271 3928 323 3991 Ab
347 3929 531 4122 omnibus}
553 3930 738 4010 visibilibus,
761 3931 984 4010 invisibilibus,

313 4056 452 4121 inimicis
554 4061 722 4144 corporeis,
745 4060 973 4144 spiritualibus,

272 4249 304 4311 Α
332 4203 365 4377 {
383 4185 469 4249 vitiis
492 4194 524 4250 et
546 4189 695 4270 peccatis,

384 4315 649 4396 concupiscentiis
664 4322 704 4385 ,et
726 4317 968 4395 tentationibus,
