2910 5002
432 449 603 514 Pnncns
628 449 947 516 QUOTIDIANAE.
1156 449 1218 510 193

249 621 399 703 Corpore,

250 745 444 810 Necessariis
461 745 507 809 *sd
528 746 638 823 vitam,

603 873 736 950 Gratiae,

310 1026 313 1031 ·
334 1002 421 1065 eirca
442 1000 529 1065 dona
602 1002 746 1079 Naturae,

605 1129 729 1194 Saeeuli.

248 1255 343 1320 Circa
363 1256 472 1319 omnia

378 1404 449 1465 quse
470 1384 579 1466 accepi
600 1383 766 1461 beneficia,

950 1509 1037 1586 olim,

387 1577 504 1662 quibus
526 1578 607 1640 mihi
628 1577 711 1642 bene
734 1532 936 1706 successit{

948 1658 1043 1702 nunc.

246 1766 341 1831 cnon
362 1765 475 1849 siquod
497 1766 688 1830 beneficium
711 1765 854 1829 dodorim
875 1786 1027 1847 unquam.

377 1894 518 1972 sanitas,

375 2023 468 2086 Bona
489 2021 585 2100 famo,

373 2148 472 2211 Mens
494 2155 656 2226 eontenta,

375 2273 601 2350 Incolumitss,

374 2399 533 2478 Libertas,

376 2526 487 2593 Quies.

158 2653 320 2720 Quoniam
342 2675 409 2718 non
430 2654 629 2737 praesoidisti,
650 2655 733 2719 sicot
746 2662 864 2733 textor,
879 2655 976 2718 vitam
998 2675 1113 2732 meam,
1135 2653 1213 2717 dum

244 2782 349 2845 adhuc
370 2781 502 2861 ordirer,

157 2909 382 2974 Neodemsne
392 2930 495 2992 nsque
507 2908 547 2972 od
557 2930 720 2992 vesperam
733 2908 896 2974 abstulisti
910 2930 972 2975 me.
988 2909 1045 2994 [Is.
1057 2909 1185 2974 xxxviii.
1200 2912 1267 2995 12.]

243 3035 407 3100 oon-ost
428 3034 509 3098 misi
530 3035 628 3098 vitam
651 3043 684 3099 et
706 3035 866 3118 spiritum,
885 2999 890 3009 ’

328 3183 431 3245 usque
455 3161 496 3224 ad
518 3163 580 3226 hoo
600 3169 812 3241 momentum,

157 3293 188 3354 A
210 3289 358 3374 pueritia,
381 3298 415 3352 et
433 3289 614 3373 juventute,
638 3297 671 3353 et
693 3290 757 3354 hue
779 3311 892 3374 usque,

242 3437 344 3501 usque
366 3415 408 3480 ad
431 3424 594 3481 senectam
617 3424 650 3482 et
673 3419 811 3482 senium.
858 3420 946 3483 Psal.
970 3420 1047 3484 lxxi.
1071 3423 1118 3483 15.

157 3546 262 3610 Ponss
285 3543 427 3609 animam
447 3566 553 3609 meam
575 3546 616 3610 ad
637 3547 747 3626 vitam,

200 3681 233 3737 et
244 3693 310 3737 non
319 3672 410 3737 debis
421 3673 457 3736 in
469 3674 720 3738 commotionem
733 3673 847 3757 pedem
856 3694 977 3737 meum.
994 3674 1082 3736 Psal.
1095 3671 1170 3735 lxvi.
1179 3675 1210 3734 8.

158 3800 224 3866 Qui
245 3799 392 3883 eripuisti
413 3820 467 3863 me
489 3820 528 3863 ex
550 3799 712 3883 periculis,
736 3800 870 3877 morbis,

202 3933 353 4007 egestate,
376 3927 538 4007 servitute,
562 3927 683 4010 pudore

244 4051 382 4134 publico,
404 4053 587 4119 incursibus
609 4055 712 4117 malis.

159 4177 224 4244 Qui
246 4199 312 4241 non
335 4178 458 4244 allisisti
480 4204 532 4245 me

241 4303 274 4367 in
298 4325 398 4368 manu
420 4304 600 4387 iniquitatis
622 4328 711 4384 meae,

199 4443 256 4478 iso.
276 4444 372 4481 ennom
715 4451 734 4495 ρ
749 4452 768 4497 0
