2910 5002
263 431 305 492 52
540 429 678 493 ETXAI
703 428 1041 496 ΚΑΘΗΜΕΡΙΝΑΙ.

354 596 405 664 ἵνα
426 597 480 664 καὶ
502 601 618 686 νεκρῶν
640 599 695 665 καὶ
718 599 840 681 ζώντων
861 599 1040 688 κυριεύσῃς,

392 725 447 790 ε’άυ
468 750 504 791 τε
527 728 636 808 ζῶμεν,
660 726 715 791 ε’άν
736 752 773 792 τε
793 727 848 793 καὶ
869 727 1133 810 ἀποθνήσκωμεν,

525 853 641 943 Κύριος
662 854 753 938 ἡμῶν
773 882 827 922 συ.

351 984 478 1053 Ζῶντας
499 982 554 1048 καὶ
576 971 740 1054 θανόντας
755 982 899 1064 ἐλέησον,
921 982 946 1049 ὥ
969 983 1080 1072 Κύριε.

475 1190 522 1256 Ὠ
543 1191 647 1272 βυηθὲ
667 1192 731 1258 τῶν
752 1151 953 1275 εἰβοηθήτων,Ι

307 1318 506 1408 ἀντιληπτορ
528 1321 563 1387 ε’ν
584 1316 737 1409 εὐκαιρία,
761 1322 795 1386 ἐν
816 1320 944 1408 θλίψει,

352 1448 526 1530 Μνήσθητι
547 1447 678 1516 πάντων
699 1450 734 1514 ἐν
754 1447 877 1535 ἅνθγκῃ
899 1449 1008 1528 ὄντων,

438 1576 492 1643 καὶ
514 1578 570 1661 τής
595 1581 654 1661 σῆς
674 1569 828 1659 βοηθείας
850 1577 1012 1663 δεομένων.

264 1799 307 1865 Ὁ
331 1800 412 1870 Θεὸς
433 1799 567 1890 χάριτος
589 1803 644 1869 καὶ
666 1800 827 1883 ἀληθείας,

309 1927 469 2016 Στήριξον
489 1929 612 2002 πάντας
633 1931 667 1996 ἐν
688 1929 825 2020 α’λήθείιρ

395 2055 450 2120 καὶ
470 2055 583 2143 χάριτι
604 2054 766 2127 ἱστάντας.

267 2182 475 2271 Κατάρτισον
489 2183 613 2255 πάντας
631 2182 706 2271 περὶ
724 2182 864 2273 αἱρέσεις
882 2183 936 2249 καὶ
956 2181 1116 2271 ἁμαρτίας
1135 2185 1318 2250 νοσοῦντας.

432 2403 479 2469 Ὦ
501 2402 735 2492 ὑπερασπιστθ
756 2407 820 2469 τῶν
842 2401 1009 2492 σωτηρίων

566 2535 623 2598 τοῦ
644 2535 791 2619 Χριστοῦ
811 2557 882 2612 σου,

308 2656 482 2739 Μνήσθητι
503 2660 561 2739 τῆς
583 2658 770 2740 συναγωγῆς
793 2680 864 2734 σου,

394 2783 432 2865 ἧς
455 2783 580 2865 ἐκτήσω
603 2784 658 2849 καὶ
679 2783 852 2871 ε’λντρῶσω

483 2907 540 2975 ἀπ’
563 2908 674 2998 ἀρχῆς.

305 3036 351 3101 Ὢ
373 3035 516 3118 γενέσθαι
538 3039 602 3102 τῶν
623 3032 843 3101 πιστευόντων

436 3161 920 3252 mmmmm

353 3388 395 3454 ‘0
417 3393 604 3477 περιπατῶν
627 3392 661 3456 ἐν
679 3390 773 3480 μέσῳ

437 3520 580 3606 λυχνιῶν
601 3521 742 3607 χρυσῶνς

395 3644 453 3726 Μή
477 3645 610 3731 κινήσῃς
632 3647 691 3730 τήν
711 3647 852 3737 λυχνίαν
872 3647 1032 3738 ήμετίραν

438 3773 475 3837 ἐκ
497 3773 599 3840 τόπου
619 3772 728 3861 αι’·τής.

323 3898 563 3988 Επιδιόρθωσον
583 3902 625 3968 τὰ
646 3903 814 3980 λείποντα,

351 4023 580 4116 Ἐπιστήριξον
600 4029 642 4094 τὰ
661 4027 772 4105 λοιπὰ,

397 4155 418 4218 ἃ
441 4153 574 4236 ἔμελλες
596 4155 794 4237 ἀποβαλεῖν,

396 4279 417 4344 ἃ
440 4280 555 4362 μέλλει
578 4280 766 4351 ἀποθανεῖν.
