2910 5002
468 455 639 520 PRECES
664 452 982 521 QUOTIDIANAE.
1188 454 1252 519 103

456 624 579 688 bonum
602 625 719 688 animae
740 644 831 687 meae.

414 755 485 836 Ego
506 754 604 816 homo
626 753 731 831 miser,
776 753 866 815 Rom.
889 751 943 815 vii.
967 753 1021 816 24.

242 899 303 942 nec
326 879 403 958 scic,
427 900 488 944 nee
510 901 652 962 possum,
672 900 747 959 nec,
770 886 808 942 ut
830 878 941 957 debeo,

169 987 170 990 Ἴ
586 1006 669 1070 volo.

529 1136 589 1213 Tu,
613 1134 762 1214 Domine,
786 1156 906 1218 quaeso,

488 1263 552 1326 Pro
574 1263 693 1345 pietate
714 1270 773 1327 tua
793 1263 950 1348 ineffabili

524 1411 652 1454 mecum
674 1392 722 1454 ita
744 1392 901 1476 dispicias,

574 1525 607 1581 et
629 1519 676 1582 ita
698 1519 861 1602 disponas,

404 1644 580 1709 secundum
604 1645 689 1729 quod
711 1647 796 1710 nosti
817 1647 942 1730 placere
964 1647 1047 1726 Tibi,

481 1779 514 1836 et
536 1773 676 1838 maxime
697 1773 849 1858 prodesse
871 1775 964 1840 mihi.

198 2030 351 2106 Bomrrs,
397 2029 527 2092 2Scm.
551 2029 603 2094 vii.
627 2033 681 2095 28.

199 2158 322 2235 Gratia,
366 2157 495 2222 Nouem.
518 2159 559 2221 ix.
584 2159 637 2222 31.

198 2286 356 2363 Charitas,
401 2287 491 2348 Rom.
515 2309 544 2352 v.
568 2289 621 2351 20.

199 2412 399 2494 Benignitas,

200 2539 380 2603 Hominum
404 2539 543 2619 dilectio,
593 2543 653 2606 tat.
677 2543 722 2607 iii.
746 2548 776 2607 d.

198 2667 427 2746 Mansuetud0,

199 2795 342 2876 Lenitas,

199 2924 369 3002 Patientia,
410 2997 417 3010 ,

199 3052 456 3135 Longanimitas‚
501 3055 592 3117 Rom.
616 3054 649 3117 ii.
672 3056 705 3117 4.

103 3231 104 3234 η
199 3174 422 3245 Misericordia
443 3182 556 3261 mrdta,
603 3184 619 3244 l
645 3183 715 3246 Pet.
739 3181 760 3245 i.
784 3184 815 3247 3.

286 3314 319 3371 et
342 3330 470 3392 magna,
517 3310 607 3372 Paul.
629 3309 663 3372 li.
688 3313 719 3374 1.

199 3436 436 3515 Miserationes,
480 3437 570 3500 Rom.
594 3437 648 3500 xii.
673 3439 701 3500 1.

199 3562 381 3625 Multitudo
402 3563 655 3640 miserationum,
701 3563 789 3625 Psul.
812 3563 846 3626 li.
872 3567 902 3627 1.

199 3687 333 3751 Viscera
354 3689 589 3766 misericordiae,
639 3689 754 3751 Coloss.
776 3687 822 3750 iii.
848 3690 900 3752 12.

461 2693 535 2872 }a
561 2737 631 2799 σον.
655 2759 686 2800 x.
712 2741 741 2800 1.

200 3816 294 3890 Bona
315 3817 448 3896 viscera,

200 3944 312 4008 Multa
333 3945 419 4008 bona
441 3945 571 4008 viscera.
622 3944 708 4027 [Jac.
732 3965 762 4006 v.
787 3943 854 4026 11.]

201 4073 244 4135 In
265 4071 488 4156 praetereundo
544 4073 645 4134 Micia.
669 4071 722 4135 vii.
748 4074 799 4134 18.

244 4199 487 4277 dissimulando,
618 4199 820 4282 pervidendo,
865 4199 937 4261 Act.
961 4198 1033 4261 xvii.
1057 4200 1100 4261 30

242 4349 309 4392 non
331 4328 523 4412 aspiciendo,
574 4329 644 4412 [Es.
665 4329 731 4399 lvii.
754 4327 821 4409 11.]
