2910 5002
197 442 263 504 336
469 441 639 509 PRECES
664 436 980 506 QUOTIDIANAE

201 610 297 676 Quod
319 609 474 674 abhorreo
494 610 563 694 ipse
584 632 647 689 me,
690 609 760 675 Job.
783 607 850 672 xlii.
873 608 905 669 6.

565 738 798 803 absurditatem

373 874 503 950 propter
517 737 802 1079 {turpitudinem
823 733 862 1076 }
876 860 1036 938 desiderii,

567 993 725 1057 vilitatem

624 1122 811 1187 confusione
902 1187 909 1199 ,

760 1247 767 1259 ,
828 1139 1017 1314 }dsguam

620 1245 790 1329 opprobrio

204 1374 300 1443 Quod
321 1380 391 1438 tota
409 1373 460 1437 die
478 1372 671 1438 verecundia
688 1395 762 1438 mea
782 1383 896 1439 contra
913 1396 966 1439 me
983 1382 1043 1453 est,
1059 1382 1092 1439 ct
1110 1375 1265 1441 oonfiraio

288 1500 381 1565 faciei
403 1501 567 1585 cooperuit
588 1522 649 1564 me.
695 1503 786 1566 Paol.
811 1502 884 1567 xliv.
910 1504 960 1565 15.

202 1628 267 1707 Ah,
290 1627 350 1691 ah!
396 1628 481 1706 Vah,
500 1628 582 1690 vah!
607 1627 692 1710 quod
714 1649 782 1692 non
803 1629 958 1694 reveritus
980 1650 1061 1708 sum,
1077 1649 1183 1712 neque
1205 1648 1263 1693 ex-

290 1753 386 1817 timui
429 1753 508 1817 Heb.
531 1753 584 1816 xii.
609 1757 661 1818 21.

377 1879 805 1964 Incomprcheusibilitatem
827 1881 945 1964 gloriae,

377 2009 560 2076 Potentiam
583 2008 795 2088 tremendam,

378 2137 666 2204 Venerabilitatem
688 2138 877 2221 prasentia,

378 2265 580 2350 Exquisitam
599 2264 770 2349 justitiam,

381 2393 564 2458 Bonitatem
588 2391 768 2455 amabilem.

208 2522 379 2589 Quomodo
390 2522 516 2587 illectus
531 2542 604 2584 sum
618 2542 638 2585 a
651 2521 780 2605 propria
794 2520 1074 2604 concupiscentia?
1090 2520 1160 2585 Jac.
1173 2521 1195 2584 i.
1208 2521 1261 2586 14.

208 2649 379 2715 Quomodo
401 2648 578 2712 detestatus
601 2669 673 2719 sum
696 2646 921 2729 disciplinam?

251 2777 294 2839 Et
308 2774 581 2858 increpationibus
597 2794 663 2837 non
672 2773 831 2856 acquievit
839 2795 895 2839 cor
910 2777 1043 2840 meum?
1060 2777 1154 2840 Proo.
1163 2797 1195 2840 v.
1208 2779 1261 2840 12.

597 3028 689 3106 Ecce,
714 3028 862 3106 Domine,

208 3156 304 3225 Quod
326 3157 423 3220 timor
445 3162 477 3218 ct
499 3164 621 3218 tremor
642 3163 800 3219 venerunt
822 3176 917 3239 super
937 3177 1000 3233 me,

250 3286 294 3348 Et
314 3281 451 3346 formido
473 3282 585 3344 mortis
607 3282 722 3346 cecidit
745 3304 840 3365 super
860 3305 923 3346 me.
968 3284 1054 3347 Paol.
1077 3282 1119 3347 lv.
1142 3285 1172 3346 5.

209 3410 345 3477 Qualem
367 3407 526 3484 timorem,
550 3413 583 3470 et
604 3414 786 3486 tremorem,
809 3415 842 3471 et
863 3409 1011 3492 rigorem,

251 3543 284 3601 et
306 3534 465 3618 agoniam,
489 3541 522 3596 ct
546 3532 717 3597 discrimen
738 3534 890 3598 ultimum
912 3537 1016 3602 habeo
1038 3536 1170 3602 videre?

295 3663 376 3730 Quae
397 3681 450 3724 me
472 3659 617 3725 confusio
639 3661 832 3746 occupabit?

297 3788 422 3856 Quibus
443 3788 587 3852 tenebris
610 3788 855 3854 circumdabor?

210 3918 315 3985 Quam
337 3914 540 3979 tremendum
563 3922 612 3978 est
630 3915 789 3999 judicium
811 3917 927 3995 Tuum,
951 3916 1116 3982 Domine?

378 4042 494 4110 Positis
516 4044 651 4122 thronis,

381 4170 594 4240 Adstantibus
617 4172 762 4253 Angelis,

382 4297 578 4367 Introductis
599 4297 793 4375 homiuibus,
