2910 5002
446 454 617 519 PRECES
641 453 960 519 QUOTIDIANAE.

171 623 284 688 Gloria
306 621 377 698 tibi,
401 622 551 699 Domine,
575 622 636 686 tibi
659 623 772 706 gloria,

172 748 285 812 Gloria
307 747 377 824 tibi,
401 720 434 810 et
458 746 669 810 Sanctissimo
691 754 749 810 tuo
771 747 908 811 Nomini
930 747 1044 831 gloria,

258 880 390 957 propter
411 894 522 937 omncs
544 881 617 936 tuce
640 873 675 936 in
697 873 775 956 ipsis

345 1000 479 1063 Divinae
501 1000 736 1082 perlectiones;

174 1127 310 1210 Propter
332 1126 529 1190 ineffabilem
551 1133 584 1189 et
605 1126 890 1210 incomparabilem
912 1126 1103 1204 bonitatem,

261 1261 295 1317 et
316 1253 569 1328 misericordiam
592 1261 683 1318 tuum
705 1253 741 1317 in
763 1264 958 1338 peccatores,

392 1390 425 1444 et
446 1381 605 1464 indignos,

262 1510 298 1573 in
319 1529 434 1592 meque
458 1517 661 1591 peccatorum
685 1510 832 1574 omnium

393 1635 490 1717 longe
510 1633 792 1718 indignissimum

111 1717 114 1723 ἡ
178 1763 313 1844 Propter
334 1761 413 1837 huc,
436 1768 630 1845 propterque
652 1760 725 1840 ulia,

266 1889 378 1954 Gloria
399 1897 432 1952 ct
454 1890 568 1968 bonor,
592 1896 625 1952 et
647 1890 727 1968 leue,
750 1896 784 1952 et
805 1888 998 1968 benedictio,

351 2024 384 2079 et
406 2015 582 2098 gratiarum
605 2016 700 2094 actio,

266 2143 412 2225 Linguis,
435 2150 468 2205 et
490 2149 651 2206 concentu
672 2142 869 2225 linguarum,

266 2272 529 2354 Angelorumque
551 2279 585 2334 ct
607 2271 788 2349 hominum,

180 2397 398 2480 Omniumque
420 2397 456 2460 in
477 2397 566 2461 coelis
591 2398 785 2461 Sanctorum
807 2404 950 2476 tuorum,

269 2526 458 2608 Omnisque,
481 2547 545 2609 qua
565 2526 600 2588 in
623 2526 714 2604 coelo,
738 2547 802 2609 qua
822 2526 858 2590 in
879 2533 976 2603 terro,

487 2655 651 2719 Creaturae
672 2660 748 2731 tuae,

399 2781 443 2844 Et
466 2780 524 2846 nub
546 2781 644 2865 pedes
666 2801 779 2845 eorum

273 2908 337 2971 mei
358 2908 485 2992 indigni
507 2917 540 2972 et
561 2909 672 2973 miseri
693 2908 881 2992 peccatoris,

405 3035 548 3099 Humilis
570 3042 725 3100 creaturae
746 3042 821 3113 tuae,

275 3161 384 3238 Nunc,
408 3159 460 3224 die
481 3160 552 3238 hoc,
575 3168 608 3224 et
630 3161 710 3224 hora
730 3161 802 3239 hcc,

1171 456 1231 518 197

189 3292 233 3354 Et
255 3283 398 3373 quotidie
419 3309 520 3372 usque
543 3288 583 3352 ad
605 3295 785 3352 extremum
807 3309 916 3352 meum
940 3287 1101 3372 spiritum,
1135 3324 1138 3332 -
1196 3374 1199 3378 Δ

276 3418 321 3480 Et
342 3435 444 3498 usque
466 3414 506 3478 ad
528 3415 840 3480 consummationem
863 3415 982 3494 saeculi,

364 3549 397 3605 et
420 3561 522 3624 usque
544 3540 585 3605 od
608 3541 725 3607 eaecula
747 3543 945 3608 soculorum.
