2910 5002
451 441 619 508 PREOES
644 445 960 512 QUOTIDIANAE.
1168 446 1229 506 153

308 619 342 675 et
364 613 424 677 hoo
447 636 488 678 ne
511 615 563 678 sit.
607 617 705 679 Amos
726 617 778 681 vii.
802 621 833 696 5,
862 616 922 701 [6.]

178 738 373 803 Custodiens
394 743 553 805 vanitates
575 742 705 821 frustra,

264 868 515 933 misericordiam
536 892 642 934 meam
665 871 831 953 dereliqui,
875 872 947 934 Jon.
971 871 1005 934 ii.
1029 873 1061 933 8.

180 1001 213 1057 et
227 994 371 1078 abjectus
386 1017 458 1059 sum
474 1018 493 1059 a
507 1004 684 1079 eonspeotu
698 983 863 1061 oculorum
877 977 1030 1076 tuorum;
1064 996 1168 1081 [Vere.
1185 996 1229 1079 4.]

127 1120 139 1132 ⁴
183 1121 247 1186 Sed
267 1143 342 1185 cum
365 1124 603 1205 angustiaretur
624 1125 660 1188 in
680 1146 734 1188 me
757 1125 864 1188 anima
886 1146 968 1202 mes,

265 1247 452 1312 reeordatus
473 1270 546 1312 sum
568 1250 710 1313 Domini.
760 1250 866 1334 [Vero.
890 1250 937 1333 7.]

183 1375 307 1437 Iterum
331 1375 484 1458 aspiciam
506 1375 657 1439 adversus
679 1377 850 1461 Templum
872 1386 1020 1440 sanctum
1041 1385 1145 1454 tuum,

224 1497 409 1562 sublevetur
430 1497 470 1560 de
492 1494 695 1582 corruptione
716 1499 784 1562 vita
805 1521 887 1565 mes.
934 1500 1037 1584 [Vere.
1060 1503 1093 1565 4.
1113 1499 1163 1580 6.]

187 1621 269 1687 Quis
291 1622 381 1686 Deus
404 1620 520 1684 similis
541 1621 600 1701 tui,
625 1622 680 1704 qni
702 1623 808 1687 aufers
829 1623 1045 1706 iniquitatem,

224 1756 258 1812 et
279 1748 398 1812 transis
420 1748 609 1831 iniquitates
631 1748 828 1813 haereditatis
849 1752 939 1813 tuae?
988 1792 989 1796 =

182 1876 260 1939 Non
282 1875 422 1939 servabis
443 1897 546 1958 usque
568 1876 605 1939 in
626 1875 1012 1958 testimoniumsurorem
1034 1883 1138 1954 tuum,

268 2002 420 2086 quoniam
441 2003 551 2071 volens
573 2002 823 2067 misericordiam
845 2023 880 2066 es
903 2009 950 2066 tu.
995 2003 1096 2065 Miris.
1112 2001 1165 2064 vii.
1183 2001 1234 2063 18.

183 2133 357 2195 Revertere
380 2138 413 2194 et
435 2131 587 2195 miserere
609 2131 724 2208 nostri,
748 2131 897 2208 Domine,

226 2259 349 2342 depone
370 2259 559 2342 iniquitates
582 2266 720 2337 nostras,

269 2393 302 2448 et
323 2386 442 2468 projiee
464 2386 499 2448 in
522 2383 719 2468 profundum
741 2385 839 2448 maris

312 2511 421 2575 omnin
441 2517 573 2594 peccato
594 2519 714 2590 nostra,
765 2511 871 2595 [Vere.
897 2511 963 2593 19.]

185 2636 361 2700 seeundum
386 2635 563 2714 veritatem,
590 2645 624 2701 et
647 2637 825 2702 secundum
851 2633 1100 2700 misericordiam

234 2770 334 2827 tuam.
382 2755 496 2846 [Vero.¹
516 2764 584 2848 20.]

186 2889 334 2967 Domine,
357 2890 464 2953 audivi
476 2885 683 2961 'auditionem
705 2899 806 2969 tuam,

401 3023 435 3079 ot
456 3017 562 3096 timui,
607 3015 707 3080 Abacss
730 3018 775 3080 iii.
800 3018 831 3080 2.

274 3141 477 3206 Consideravi
498 3166 579 3228 opus
601 3153 706 3222 tuum,

358 3277 391 3333 et
413 3272 533 3354 expavi.
580 3272 682 3355 [ibid]

230 3397 313 3460 Cum
334 3396 437 3460 iratus
459 3397 567 3476 fueris,
590 3399 816 3464 misericordiae
837 3396 1062 3463 recordaberis.
1114 3391 1220 3477 [ibid]

187 3524 271 3587 Ecee
292 3544 354 3602 me,
377 3525 528 3604 Domine,
550 3526 701 3590 indutum
723 3527 865 3590 vestibus
889 3524 1035 3601 sordidis,

231 3655 264 3712 et
287 3650 441 3714 Satanom
464 3657 605 3715 stantem
627 3674 648 3715 s
669 3652 788 3716 dextris
811 3651 901 3714 meis.
945 3649 1042 3711 Zocd.
1058 3646 1104 3708 iii.
1119 3647 1150 3722 3,
1172 3641 1233 3726 [1.]

190 3774 263 3856 Sed,
287 3775 436 3854 Domine,
458 3778 494 3841 in
517 3778 673 3860 sanguine
696 3773 894 3841 Testamenti
916 3775 975 3850 tui,
1020 3771 1169 3835 Zecdix.
1187 3769 1238 3830 11.

274 3903 310 3965 in
332 3903 422 3968 fonte
445 3911 578 3987 patente

360 4031 396 4094 in
418 4031 616 4096 ablutionem
638 4032 743 4094 omnis
765 4030 971 4112 impuritatis,
1021 4025 1102 4109 [xiii.
1126 4022 1170 4104 1.]

188 4155 278 4219 Tolle
299 4164 430 4240 peecata
450 4181 531 4238 mes,

233 4289 266 4345 et
288 4284 409 4348 munds
431 4288 540 4352 sordes
562 4286 828 4372 praevaricationis
851 4306 940 4348 meae.
989 4283 1096 4364 [Ptol.
1119 4279 1152 4341 li.
1176 4275 1220 4356 2.]

238 4419 297 4458 rvr.
316 4424 412 4462 rison.
794 4430 815 4476 x
