<?xml version="1.0" encoding="UTF-8"?>
<!DOCTYPE html PUBLIC "-//W3C//DTD XHTML 1.0 Transitional//EN"
    "http://www.w3.org/TR/xhtml1/DTD/xhtml1-transitional.dtd">
<html xmlns="http://www.w3.org/1999/xhtml" xml:lang="en" lang="en">
 <head>
  <title>
</title>
<meta http-equiv="Content-Type" content="text/html;charset=utf-8" />
  <meta name='ocr-system' content='tesseract 3.04.00' />
  <meta name='ocr-capabilities' content='ocr_page ocr_carea ocr_par ocr_line ocrx_word'/>
</head>
<body>
  <div class='ocr_page' id='page_1' title='image "./precesprivataeq00andrgoog_0418.png"; bbox 0 0 2910 5002; ppageno 0'>
   <div class='ocr_carea' id='block_1_1' title="bbox 418 431 1202 499">
    <p class='ocr_par' dir='ltr' id='par_1_1' title="bbox 418 431 1202 499">
     <span class='ocr_line' id='line_1_1' title="bbox 418 431 1202 499; baseline -0.005 -2"><span class='ocrx_word' id='word_1_1' title='bbox 418 433 590 499; x_wconf 81' lang='lat' dir='ltr'>PRECES</span> <span class='ocrx_word' id='word_1_2' title='bbox 615 431 934 499; x_wconf 79' lang='lat' dir='ltr'><strong>QUOTIDIANAE.</strong></span> <span class='ocrx_word' id='word_1_3' title='bbox 1139 433 1202 494; x_wconf 77' lang='lat'><strong>385</strong></span> 
     </span>
    </p>
   </div>
   <div class='ocr_carea' id='block_1_2' title="bbox 151 600 797 807">
    <p class='ocr_par' dir='ltr' id='par_1_2' title="bbox 151 600 797 807">
     <span class='ocr_line' id='line_1_2' title="bbox 279 600 797 684; baseline -0.006 -18"><span class='ocrx_word' id='word_1_4' title='bbox 279 601 478 667; x_wconf 88' lang='lat' dir='ltr'><strong>Scrutiuium</strong></span> <span class='ocrx_word' id='word_1_5' title='bbox 501 608 534 665; x_wconf 91' lang='lat' dir='ltr'><strong>et</strong></span> <span class='ocrx_word' id='word_1_6' title='bbox 555 600 797 684; x_wconf 77' lang='lat' dir='ltr'><strong>inquisitionem</strong></span> 
     </span>
     <span class='ocr_line' id='line_1_3' title="bbox 151 728 729 807; baseline -0.009 -12"><span class='ocrx_word' id='word_1_7' title='bbox 151 733 213 795; x_wconf 91' lang='lat' dir='ltr'><strong>Per</strong></span> <span class='ocrx_word' id='word_1_8' title='bbox 439 729 490 792; x_wconf 88' lang='lat' dir='ltr'><strong>vel</strong></span> <span class='ocrx_word' id='word_1_9' title='bbox 511 748 646 792; x_wconf 80' lang='lat' dir='ltr'><strong>examen</strong></span> <span class='ocrx_word' id='word_1_10' title='bbox 668 728 729 807; x_wconf 87' lang='lat' dir='ltr'><strong>sui,</strong></span> 
     </span>
    </p>
   </div>
   <div class='ocr_carea' id='block_1_3' title="bbox 278 856 823 940">
    <p class='ocr_par' dir='ltr' id='par_1_3' title="bbox 278 856 823 940">
     <span class='ocr_line' id='line_1_4' title="bbox 278 856 823 940; baseline -0.004 -18"><span class='ocrx_word' id='word_1_11' title='bbox 278 859 394 923; x_wconf 79' lang='lat' dir='ltr'><strong>Preces</strong></span> <span class='ocrx_word' id='word_1_12' title='bbox 417 864 451 922; x_wconf 90' lang='lat' dir='ltr'><strong>et</strong></span> <span class='ocrx_word' id='word_1_13' title='bbox 473 857 649 940; x_wconf 80' lang='lat' dir='ltr'><strong>gratiarum</strong></span> <span class='ocrx_word' id='word_1_14' title='bbox 671 856 823 921; x_wconf 79' lang='lat' dir='ltr'><strong>actiones.</strong></span> 
     </span>
    </p>
   </div>
   <div class='ocr_carea' id='block_1_4' title="bbox 152 1098 1208 2207">
    <p class='ocr_par' dir='ltr' id='par_1_4' title="bbox 152 1098 1208 2207">
     <span class='ocr_line' id='line_1_5' title="bbox 339 1098 1027 1188; baseline -0.001 -25"><span class='ocrx_word' id='word_1_15' title='bbox 339 1100 532 1163; x_wconf 79' lang='lat' dir='ltr'><strong>Scrutinium</strong></span> <span class='ocrx_word' id='word_1_16' title='bbox 553 1105 585 1162; x_wconf 85' lang='lat' dir='ltr'><strong>et</strong></span> <span class='ocrx_word' id='word_1_17' title='bbox 606 1099 783 1188; x_wconf 79' lang='lat' dir='ltr'><strong>Inquisitio,</strong></span> <span class='ocrx_word' id='word_1_18' title='bbox 805 1099 855 1161; x_wconf 81' lang='lat' dir='ltr'><strong>cel</strong></span> <span class='ocrx_word' id='word_1_19' title='bbox 874 1098 1027 1162; x_wconf 65' lang='lat' dir='ltr'><strong>Examen.</strong></span> 
     </span>
     <span class='ocr_line' id='line_1_6' title="bbox 152 1233 1206 1320; baseline -0.004 -20"><span class='ocrx_word' id='word_1_20' title='bbox 152 1238 233 1320; x_wconf 69' lang='lat' dir='ltr'><strong>Aoq.</strong></span> <span class='ocrx_word' id='word_1_21' title='bbox 279 1237 340 1300; x_wconf 88' lang='lat' dir='ltr'><strong>Vir</strong></span> <span class='ocrx_word' id='word_1_22' title='bbox 355 1236 458 1300; x_wconf 91' lang='lat' dir='ltr'><strong>bonus</strong></span> <span class='ocrx_word' id='word_1_23' title='bbox 473 1234 630 1319; x_wconf 83' lang='lat' dir='ltr'><strong>praeponit</strong></span> <span class='ocrx_word' id='word_1_24' title='bbox 651 1235 731 1299; x_wconf 90' lang='lat' dir='ltr'><strong>scire</strong></span> <span class='ocrx_word' id='word_1_25' title='bbox 751 1234 972 1298; x_wconf 79' lang='lat' dir='ltr'><strong>infirmitatem</strong></span> <span class='ocrx_word' id='word_1_26' title='bbox 986 1255 1087 1313; x_wconf 84' lang='lat' dir='ltr'><strong>susm,</strong></span> <span class='ocrx_word' id='word_1_27' title='bbox 1104 1233 1206 1316; x_wconf 78' lang='lat' dir='ltr'><strong>magis</strong></span> 
     </span>
     <span class='ocr_line' id='line_1_7' title="bbox 239 1360 1107 1445; baseline -0.002 -19"><span class='ocrx_word' id='word_1_28' title='bbox 239 1383 336 1445; x_wconf 83' lang='lat' dir='ltr'><strong>quam</strong></span> <span class='ocrx_word' id='word_1_29' title='bbox 359 1361 440 1426; x_wconf 86' lang='lat' dir='ltr'><strong>scire</strong></span> <span class='ocrx_word' id='word_1_30' title='bbox 461 1360 674 1425; x_wconf 78' lang='lat' dir='ltr'><strong>fundamento</strong></span> <span class='ocrx_word' id='word_1_31' title='bbox 695 1368 799 1440; x_wconf 78' lang='lat' dir='ltr'><strong>terroe,</strong></span> <span class='ocrx_word' id='word_1_32' title='bbox 822 1367 855 1426; x_wconf 89' lang='lat' dir='ltr'><strong>et</strong></span> <span class='ocrx_word' id='word_1_33' title='bbox 876 1361 1005 1444; x_wconf 80' lang='lat' dir='ltr'><strong>fastigio</strong></span> <span class='ocrx_word' id='word_1_34' title='bbox 1025 1361 1107 1425; x_wconf 86' lang='lat' dir='ltr'><strong>coeli.</strong></span> 
     </span>
     <span class='ocr_line' id='line_1_8' title="bbox 240 1487 1208 1569; baseline -0.004 -17"><span class='ocrx_word' id='word_1_35' title='bbox 240 1490 304 1553; x_wconf 79' lang='lat' dir='ltr'><strong>Illo</strong></span> <span class='ocrx_word' id='word_1_36' title='bbox 340 1509 416 1553; x_wconf 85' lang='lat' dir='ltr'><strong>vero</strong></span> <span class='ocrx_word' id='word_1_37' title='bbox 456 1487 592 1551; x_wconf 83' lang='lat' dir='ltr'><strong>scientis</strong></span> <span class='ocrx_word' id='word_1_38' title='bbox 630 1487 828 1551; x_wconf 76' lang='lat' dir='ltr'><strong>infirmitatis</strong></span> <span class='ocrx_word' id='word_1_39' title='bbox 866 1508 932 1550; x_wconf 85' lang='lat' dir='ltr'><strong>suae</strong></span> <span class='ocrx_word' id='word_1_40' title='bbox 972 1508 1039 1551; x_wconf 91' lang='lat' dir='ltr'><strong>non</strong></span> <span class='ocrx_word' id='word_1_41' title='bbox 1076 1492 1208 1569; x_wconf 83' lang='lat' dir='ltr'><strong>paratur</strong></span> 
     </span>
     <span class='ocr_line' id='line_1_9' title="bbox 240 1613 1208 1698; baseline -0.003 -19"><span class='ocrx_word' id='word_1_42' title='bbox 240 1616 361 1698; x_wconf 80' lang='lat' dir='ltr'><strong>absque</strong></span> <span class='ocrx_word' id='word_1_43' title='bbox 383 1615 592 1697; x_wconf 81' lang='lat' dir='ltr'><strong>inquisitione</strong></span> <span class='ocrx_word' id='word_1_44' title='bbox 621 1613 789 1697; x_wconf 81' lang='lat' dir='ltr'><strong>diligenti3</strong></span> <span class='ocrx_word' id='word_1_45' title='bbox 824 1614 979 1697; x_wconf 79' lang='lat' dir='ltr'><strong>sineque</strong></span> <span class='ocrx_word' id='word_1_46' title='bbox 1007 1633 1110 1677; x_wconf 76' lang='lat' dir='ltr'><strong>caecrrs</strong></span> <span class='ocrx_word' id='word_1_47' title='bbox 1140 1614 1208 1697; x_wconf 84' lang='lat' dir='ltr'><strong>ple·</strong></span> 
     </span>
     <span class='ocr_line' id='line_1_10' title="bbox 239 1741 1165 1826; baseline 0.001 -19"><span class='ocrx_word' id='word_1_48' title='bbox 239 1763 379 1826; x_wconf 86' lang='lat' dir='ltr'><strong>rumque</strong></span> <span class='ocrx_word' id='word_1_49' title='bbox 401 1749 450 1806; x_wconf 86' lang='lat' dir='ltr'><strong>est</strong></span> <span class='ocrx_word' id='word_1_50' title='bbox 472 1742 609 1820; x_wconf 83' lang='lat' dir='ltr'><strong>animus,</strong></span> <span class='ocrx_word' id='word_1_51' title='bbox 632 1748 729 1825; x_wconf 80' lang='lat' dir='ltr'><strong>atque</strong></span> <span class='ocrx_word' id='word_1_52' title='bbox 751 1741 786 1804; x_wconf 88' lang='lat' dir='ltr'><strong>in</strong></span> <span class='ocrx_word' id='word_1_53' title='bbox 807 1741 944 1826; x_wconf 86' lang='lat' dir='ltr'><strong>propriis</strong></span> <span class='ocrx_word' id='word_1_54' title='bbox 967 1741 1049 1805; x_wconf 90' lang='lat' dir='ltr'><strong>nihil</strong></span> <span class='ocrx_word' id='word_1_55' title='bbox 1070 1743 1165 1808; x_wconf 82' lang='lat' dir='ltr'><strong>videt.</strong></span> 
     </span>
     <span class='ocr_line' id='line_1_11' title="bbox 156 1868 1207 1954; baseline -0.001 -19"><span class='ocrx_word' id='word_1_56' title='bbox 156 1873 273 1935; x_wconf 77' lang='lat' dir='ltr'><strong>Cicero.</strong></span> <span class='ocrx_word' id='word_1_57' title='bbox 318 1870 436 1934; x_wconf 75' lang='lat' dir='ltr'><strong>Multae</strong></span> <span class='ocrx_word' id='word_1_58' title='bbox 451 1876 528 1934; x_wconf 86' lang='lat' dir='ltr'><strong>sunt</strong></span> <span class='ocrx_word' id='word_1_59' title='bbox 547 1868 583 1933; x_wconf 88' lang='lat' dir='ltr'><strong>in</strong></span> <span class='ocrx_word' id='word_1_60' title='bbox 602 1869 711 1939; x_wconf 81' lang='lat' dir='ltr'><strong>animo</strong></span> <span class='ocrx_word' id='word_1_61' title='bbox 730 1869 862 1934; x_wconf 84' lang='lat' dir='ltr'><strong>latebrae</strong></span> <span class='ocrx_word' id='word_1_62' title='bbox 881 1869 1039 1954; x_wconf 89' lang='lat' dir='ltr'><strong>multique</strong></span> <span class='ocrx_word' id='word_1_63' title='bbox 1055 1891 1207 1950; x_wconf 85' lang='lat' dir='ltr'><strong>recessus,</strong></span> 
     </span>
     <span class='ocr_line' id='line_1_12' title="bbox 242 1977 692 2064; baseline 0.002 -1"><span class='ocrx_word' id='word_1_64' title='bbox 242 2007 303 2064; x_wconf 90' lang='lat' dir='ltr'><strong>etc.</strong></span> <span class='ocrx_word' id='word_1_65' title='bbox 681 1977 692 1993; x_wconf 62' lang='grc'><strong><em>’</em></strong></span> 
     </span>
     <span class='ocr_line' id='line_1_13' title="bbox 155 2122 1153 2207; baseline -0.004 -16"><span class='ocrx_word' id='word_1_66' title='bbox 155 2129 283 2191; x_wconf 70' lang='lat' dir='ltr'><strong>Seneca.</strong></span> <span class='ocrx_word' id='word_1_67' title='bbox 329 2122 561 2206; x_wconf 80' lang='lat' dir='ltr'><strong>Deprehendss</strong></span> <span class='ocrx_word' id='word_1_68' title='bbox 583 2129 616 2187; x_wconf 90' lang='lat' dir='ltr'><strong>te</strong></span> <span class='ocrx_word' id='word_1_69' title='bbox 638 2129 774 2206; x_wconf 86' lang='lat' dir='ltr'><strong>oportet,</strong></span> <span class='ocrx_word' id='word_1_70' title='bbox 798 2129 971 2207; x_wconf 81' lang='lat' dir='ltr'><strong>antequam</strong></span> <span class='ocrx_word' id='word_1_71' title='bbox 994 2125 1153 2191; x_wconf 76' lang='lat' dir='ltr'><strong>emendes</strong></span> 
     </span>
    </p>
   </div>
   <div class='ocr_carea' id='block_1_5' title="bbox 153 2249 1210 4232">
    <p class='ocr_par' dir='ltr' id='par_1_5' title="bbox 153 2249 1210 4232">
     <span class='ocr_line' id='line_1_14' title="bbox 330 2249 1210 2334; baseline -0.001 -19"><span class='ocrx_word' id='word_1_72' title='bbox 330 2252 486 2334; x_wconf 82' lang='lat' dir='ltr'><strong>Ignotum</strong></span> <span class='ocrx_word' id='word_1_73' title='bbox 521 2250 611 2314; x_wconf 85' lang='lat' dir='ltr'><strong>ulcus</strong></span> <span class='ocrx_word' id='word_1_74' title='bbox 640 2250 674 2313; x_wconf 88' lang='lat' dir='ltr'><strong>in</strong></span> <span class='ocrx_word' id='word_1_75' title='bbox 703 2249 844 2314; x_wconf 88' lang='lat' dir='ltr'><strong>deterius</strong></span> <span class='ocrx_word' id='word_1_76' title='bbox 874 2250 952 2327; x_wconf 83' lang='lat' dir='ltr'><strong>abit,</strong></span> <span class='ocrx_word' id='word_1_77' title='bbox 982 2257 1016 2314; x_wconf 91' lang='lat' dir='ltr'><strong>et</strong></span> <span class='ocrx_word' id='word_1_78' title='bbox 1043 2251 1210 2315; x_wconf 82' lang='lat' dir='ltr'><strong>curatione</strong></span> 
     </span>
     <span class='ocr_line' id='line_1_15' title="bbox 371 2375 569 2440; baseline 0 -2"><span class='ocrx_word' id='word_1_79' title='bbox 371 2375 569 2440; x_wconf 79' lang='lat' dir='ltr'><strong>destituitur.</strong></span> 
     </span>
     <span class='ocr_line' id='line_1_16' title="bbox 153 2498 972 2588; baseline 0.001 -22"><span class='ocrx_word' id='word_1_80' title='bbox 153 2502 222 2566; x_wconf 80' lang='lat' dir='ltr'><strong>Jer.</strong></span> <span class='ocrx_word' id='word_1_81' title='bbox 245 2502 319 2566; x_wconf 83' lang='lat' dir='ltr'><strong>xvii.</strong></span> <span class='ocrx_word' id='word_1_82' title='bbox 342 2505 373 2566; x_wconf 82' lang='lat'><strong>9.</strong></span> <span class='ocrx_word' id='word_1_83' title='bbox 420 2500 544 2566; x_wconf 79' lang='grc' dir='ltr'>Βαθεῖα</span> <span class='ocrx_word' id='word_1_84' title='bbox 564 2498 584 2580; x_wconf 83' lang='grc' dir='ltr'><em>ἦ</em></span> <span class='ocrx_word' id='word_1_85' title='bbox 607 2498 721 2586; x_wconf 75' lang='grc' dir='ltr'>καρδία</span> <span class='ocrx_word' id='word_1_86' title='bbox 742 2500 833 2588; x_wconf 79' lang='grc' dir='ltr'>παρὰ</span> <span class='ocrx_word' id='word_1_87' title='bbox 851 2500 972 2567; x_wconf 71' lang='grc' dir='ltr'>πάντα.</span> 
     </span>
     <span class='ocr_line' id='line_1_17' title="bbox 200 2627 820 2714; baseline -0.002 -22"><span class='ocrx_word' id='word_1_88' title='bbox 200 2629 264 2693; x_wconf 86' lang='lat' dir='ltr'><strong>Cor</strong></span> <span class='ocrx_word' id='word_1_89' title='bbox 285 2627 482 2714; x_wconf 83' lang='lat' dir='ltr'><strong>profundum</strong></span> <span class='ocrx_word' id='word_1_90' title='bbox 504 2633 609 2692; x_wconf 83' lang='lat' dir='ltr'><strong>estet</strong></span> <span class='ocrx_word' id='word_1_91' title='bbox 631 2634 820 2692; x_wconf 90' lang='lat' dir='ltr'><strong>tortuosum.</strong></span> 
     </span>
     <span class='ocr_line' id='line_1_18' title="bbox 202 2753 918 2838; baseline 0.001 -21"><span class='ocrx_word' id='word_1_92' title='bbox 202 2754 311 2818; x_wconf 87' lang='lat' dir='ltr'><strong>Homo</strong></span> <span class='ocrx_word' id='word_1_93' title='bbox 333 2760 423 2817; x_wconf 86' lang='lat' dir='ltr'><strong>vetus</strong></span> <span class='ocrx_word' id='word_1_94' title='bbox 445 2753 533 2816; x_wconf 87' lang='lat' dir='ltr'><strong>mille</strong></span> <span class='ocrx_word' id='word_1_95' title='bbox 554 2753 726 2818; x_wconf 85' lang='lat' dir='ltr'><strong>involucris</strong></span> <span class='ocrx_word' id='word_1_96' title='bbox 746 2755 918 2838; x_wconf 81' lang='lat' dir='ltr'><strong>obtegitur.</strong></span> 
     </span>
     <span class='ocr_line' id='line_1_19' title="bbox 157 2878 957 2968; baseline 0.001 -23"><span class='ocrx_word' id='word_1_97' title='bbox 157 2881 273 2964; x_wconf 73' lang='lat' dir='ltr'><strong>Itaque</strong></span> <span class='ocrx_word' id='word_1_98' title='bbox 293 2878 439 2968; x_wconf 76' lang='grc' dir='ltr'>πρόσεχε</span> <span class='ocrx_word' id='word_1_99' title='bbox 460 2883 593 2968; x_wconf 62' lang='grc' dir='ltr'>σεαυτῷ</span> <span class='ocrx_word' id='word_1_100' title='bbox 639 2881 782 2946; x_wconf 89' lang='lat' dir='ltr'><strong>Attende</strong></span> <span class='ocrx_word' id='word_1_101' title='bbox 803 2882 864 2946; x_wconf 90' lang='lat' dir='ltr'><strong>tibi</strong></span> <span class='ocrx_word' id='word_1_102' title='bbox 885 2883 957 2968; x_wconf 89' lang='lat' dir='ltr'><strong>ipsi.</strong></span> 
     </span>
     <span class='ocr_line' id='line_1_20' title="bbox 291 3009 922 3094; baseline 0.003 -22"><span class='ocrx_word' id='word_1_103' title='bbox 291 3009 364 3073; x_wconf 90' lang='lat' dir='ltr'><strong>Hoc</strong></span> <span class='ocrx_word' id='word_1_104' title='bbox 385 3016 494 3073; x_wconf 84' lang='lat' dir='ltr'><strong>sutem</strong></span> <span class='ocrx_word' id='word_1_105' title='bbox 515 3010 653 3073; x_wconf 79' lang='lat' dir='ltr'><strong>maxime</strong></span> <span class='ocrx_word' id='word_1_106' title='bbox 674 3010 922 3094; x_wconf 68' lang='lat' dir='ltr'><strong>inquirendum</strong></span> 
     </span>
     <span class='ocr_line' id='line_1_21' title="bbox 428 3119 796 3220; baseline 0.003 -20"><span class='ocrx_word' id='word_1_107' title='bbox 428 3119 552 3220; x_wconf 78' lang='lat' dir='ltr'><strong>Egens,</strong></span> <span class='ocrx_word' id='word_1_108' title='bbox 653 3138 796 3220; x_wconf 84' lang='lat' dir='ltr'><strong>Legeris,</strong></span> 
     </span>
     <span class='ocr_line' id='line_1_22' title="bbox 429 3155 837 3349; baseline 0 -19"><span class='ocrx_word' id='word_1_109' title='bbox 429 3265 566 3343; x_wconf 76' lang='lat' dir='ltr'><strong>Dixeris,</strong></span> <span class='ocrx_word' id='word_1_110' title='bbox 608 3155 837 3349; x_wconf 57' lang='lat' dir='ltr'><strong>{Scripseris</strong></span> 
     </span>
     <span class='ocr_line' id='line_1_23' title="bbox 216 3392 1209 3491; baseline 0.002 -35"><span class='ocrx_word' id='word_1_111' title='bbox 216 3478 222 3491; x_wconf 95' lang='lat'><strong>.</strong></span> <span class='ocrx_word' id='word_1_112' title='bbox 340 3479 346 3491; x_wconf 32' lang='grc' dir='ltr'>ι</span> <span class='ocrx_word' id='word_1_113' title='bbox 573 3392 685 3458; x_wconf 83' lang='lat' dir='ltr'><strong>deceat</strong></span> <span class='ocrx_word' id='word_1_114' title='bbox 727 3394 956 3473; x_wconf 82' lang='lat' dir='ltr'><strong>Christianum,</strong></span> <span class='ocrx_word' id='word_1_115' title='bbox 1001 3393 1209 3471; x_wconf 72' lang='lat' dir='ltr'><strong>sacerdotem,</strong></span> 
     </span>
     <span class='ocr_line' id='line_1_24' title="bbox 159 3477 878 3604; baseline 0.001 -22"><span class='ocrx_word' id='word_1_116' title='bbox 159 3478 247 3545; x_wconf 56' lang='lat'><strong>0⁰¹⁶</strong></span> <span class='ocrx_word' id='word_1_117' title='bbox 272 3477 367 3542; x_wconf 56' lang='grc' dir='ltr'><strong>ΜΘ</strong></span> <span class='ocrx_word' id='word_1_118' title='bbox 659 3527 794 3604; x_wconf 82' lang='lat' dir='ltr'><strong>patrem,</strong></span> <span class='ocrx_word' id='word_1_119' title='bbox 817 3527 878 3583; x_wconf 91' lang='lat' dir='ltr'><strong>etc.</strong></span> 
     </span>
     <span class='ocr_line' id='line_1_25' title="bbox 573 3645 1124 3726; baseline 0.002 -16"><span class='ocrx_word' id='word_1_120' title='bbox 573 3649 741 3712; x_wconf 87' lang='lat' dir='ltr'><strong>confirmet</strong></span> <span class='ocrx_word' id='word_1_121' title='bbox 763 3647 871 3725; x_wconf 87' lang='lat' dir='ltr'><strong>fidem,</strong></span> <span class='ocrx_word' id='word_1_122' title='bbox 897 3645 1124 3726; x_wconf 82' lang='lat' dir='ltr'><strong>obedientium,</strong></span> 
     </span>
     <span class='ocr_line' id='line_1_26' title="bbox 429 3774 977 3921; baseline 0 -83"><span class='ocrx_word' id='word_1_123' title='bbox 429 3837 513 3921; x_wconf 71' lang='lat' dir='ltr'><strong>quod</strong></span> <span class='ocrx_word' id='word_1_124' title='bbox 659 3781 776 3857; x_wconf 81' lang='lat' dir='ltr'><strong>augeat</strong></span> <span class='ocrx_word' id='word_1_125' title='bbox 799 3774 977 3838; x_wconf 83' lang='lat' dir='ltr'><strong>scientiam.</strong></span> 
     </span>
     <span class='ocr_line' id='line_1_27' title="bbox 951 3921 1061 3980; baseline 0 -16"><span class='ocrx_word' id='word_1_126' title='bbox 951 3921 1061 3980; x_wconf 77' lang='lat' dir='ltr'><strong>smmi,</strong></span> 
     </span>
     <span class='ocr_line' id='line_1_28' title="bbox 954 4031 1103 4112; baseline 0 -20"><span class='ocrx_word' id='word_1_127' title='bbox 954 4031 1103 4112; x_wconf 86' lang='lat' dir='ltr'><strong>corporis.</strong></span> 
     </span>
     <span class='ocr_line' id='line_1_29' title="bbox 969 4164 1071 4232; baseline 0.01 -13"><span class='ocrx_word' id='word_1_128' title='bbox 969 4164 1071 4232; x_wconf 83' lang='lat' dir='ltr'><strong>tuem,</strong></span> 
     </span>
    </p>
   </div>
   <div class='ocr_carea' id='block_1_6' title="bbox 658 3917 939 4094">
    <p class='ocr_par' dir='ltr' id='par_1_6' title="bbox 658 3917 939 4094">
     <span class='ocr_line' id='line_1_30' title="bbox 658 3917 939 4094; baseline -0.011 -61"><span class='ocrx_word' id='word_1_129' title='bbox 658 3970 708 4033; x_wconf 90' lang='lat' dir='ltr'><strong>vel</strong></span> <span class='ocrx_word' id='word_1_130' title='bbox 743 3917 939 4094; x_wconf 53' lang='lat' dir='ltr'><strong>regimeu{</strong></span> 
     </span>
    </p>
   </div>
   <div class='ocr_carea' id='block_1_7' title="bbox 541 4176 1113 4350">
    <p class='ocr_par' dir='ltr' id='par_1_7' title="bbox 541 4176 1113 4350">
     <span class='ocr_line' id='line_1_31' title="bbox 541 4176 1113 4350; baseline -0.005 -67"><span class='ocrx_word' id='word_1_131' title='bbox 541 4269 549 4349; x_wconf 69' lang='grc' dir='ltr'>Ι</span> <span class='ocrx_word' id='word_1_132' title='bbox 584 4225 733 4302; x_wconf 89' lang='lat' dir='ltr'><strong>operetur</strong></span> <span class='ocrx_word' id='word_1_133' title='bbox 754 4217 890 4282; x_wconf 84' lang='lat' dir='ltr'><strong>sulutem</strong></span> <span class='ocrx_word' id='word_1_134' title='bbox 923 4176 1113 4350; x_wconf 55' lang='lat' dir='ltr'><strong>{aliorum</strong></span> 
     </span>
    </p>
   </div>
   <div class='ocr_carea' id='block_1_8' title="bbox 754 4419 820 4479">
    <p class='ocr_par' dir='ltr' id='par_1_8' title="bbox 754 4419 820 4479">
     <span class='ocr_line' id='line_1_32' title="bbox 754 4419 820 4479; baseline -0.015 0"><span class='ocrx_word' id='word_1_135' title='bbox 754 4419 820 4479; x_wconf 79' lang='lat'><strong>31&gt;</strong></span> 
     </span>
    </p>
   </div>
   <div class='ocr_carea' id='block_1_9' title="bbox 0 0 1481 5002">
    <p class='ocr_par' dir='ltr' id='par_1_9' title="bbox 0 0 1481 5002">
     <span class='ocr_line' id='line_1_33' title="bbox 0 0 1481 5002; baseline 0 0"><span class='ocrx_word' id='word_1_136' title='bbox 0 0 1481 5002; x_wconf 95' lang='lat' dir='ltr'><strong> </strong></span> 
     </span>
    </p>
   </div>
  </div>
 </body>
</html>
