2910 5002
459 461 627 528 PRECES
651 463 967 535 QUOTIDIANAE.

273 613 437 679 Memores
458 613 558 698 igitur
579 622 612 679 et
634 638 704 694 nos,
727 614 878 701 Domine,

314 740 349 804 in
371 741 540 825 prasentia
564 743 764 809 Sacramenti
785 747 858 825 uui,

188 869 384 935 salutarium
406 871 529 936 Christi
551 873 612 936 rui
634 873 835 955 Passienum,

313 994 458 1059 Viviticae
480 995 602 1074 Crucis,

314 1121 558 1186 Pretiosissimae
579 1121 707 1200 Mortis,
841 1179 844 1183 ,

314 1247 485 1312 Triduanae
508 1247 699 1331 Sepulturte,

317 1376 574 1441 Resurrectionis
597 1398 617 1439 a
638 1377 793 1456 Mortuis,

312 1503 518 1568 Ascensionis
540 1503 575 1566 in
596 1503 724 1582 coelum,

309 1631 475 1701 ‚Sessionis
498 1652 517 1693 a
539 1630 651 1694 dextra
672 1631 737 1695 Dei
759 1632 877 1711 Patris,

314 1758 453 1824 Gloriosi
475 1766 508 1823 et
530 1757 741 1823 formidabilis
837 1787 838 1790 ¹
889 1790 902 1805 ν

355 1885 533 1966 Adventus,

185 2014 348 2096 Rogamus
369 2013 425 2092 Te,
448 2012 597 2092 Domine,

311 2139 407 2204 utin
430 2161 509 2224 puro
531 2139 718 2204 testimonio

356 2269 570 2334 Conscientiae
592 2277 712 2334 nosue

313 2396 504 2480 accipientes
525 2403 651 2481 partem

358 2526 640 2589 Sacramentomm
661 2528 803 2608 tucrum,

269 2651 462 2716 Adunemur
485 2653 604 2717 Sancto
627 2653 762 2737 Corpori
784 2659 817 2718 et
841 2654 1000 2738 Sanguini

402 2779 523 2844 Christi
544 2779 624 2844 nui:

268 2906 311 2970 Et
333 2905 389 2970 illa
410 2906 508 2990 digne
529 2907 730 2992 recipientes,

358 3034 547 3100 Habeamus
569 3036 737 3101 Christum

272 3160 275 3164 ’
399 3161 559 3226 Cordibus
579 3163 699 3227 nostris
720 3162 967 3245 inhabitantem,
994 3164 1090 3250 [epa.
1105 3165 1152 3231 ii1
1171 3164 1236 3249 17.]

445 3295 480 3353 et
501 3290 616 3353 fiamus
640 3290 810 3374 Templum

487 3417 600 3481 Sancti
621 3417 683 3481 '1¹ui
707 3417 867 3502 Spiritus,
915 3419 946 3504 [1
974 3421 1044 3484 Cor.
1069 3419 1112 3484 vi.
1137 3418 1203 3502 19.]

357 3544 477 3622 Etiam,
501 3545 531 3608 0
553 3545 644 3609 Deus
665 3545 794 3609 noster!

185 3672 303 3755 Neque
325 3693 506 3757 quenquam
528 3681 678 3738 nostrum
700 3695 793 3738 reum
814 3675 913 3738 facias

167 3797 170 3802 ’
270 3801 385 3865 horum
407 3801 650 3866 tremendorum
672 3808 705 3864 et

357 3928 547 3993 Coelestium
571 3929 865 4004 sacramentorum,

228 4076 333 4138 neque
354 4055 518 4121 infirmum
541 4055 648 4119 anima
669 4055 720 4119 vel
741 4074 883 4138 corpore,

270 4189 401 4267 propter
422 4183 588 4267 indiguam
610 4182 725 4247 horum
827 4174 830 4179 ’

399 4311 625 4393 receptionem.
676 4308 709 4392 [1
737 4310 808 4375 Cor.
831 4310 872 4374 xi.
895 4310 950 4374 2⁷.
974 4309 1044 4392 30.]
