2910 5002
206 424 272 491 376
481 422 652 490 Paucas
677 422 998 491 QUOTIDIANAE'.

337 595 483 662 Multum
506 595 614 663 dolere
638 618 705 661 non
729 616 868 681 possum.

205 723 348 790 Aridites
369 745 451 798 mea,
474 723 607 788 ariditas
630 724 719 788 meat
750 745 799 789 vae
820 724 919 789 mihit

171 828 176 837 Ι
205 855 285 918 Non
307 875 438 938 possum
459 853 612 933 multum,
636 852 693 918 sed
717 853 811 938 cupio
834 854 983 918 multum.

207 979 282 1045 Scio
304 979 392 1045 enim
413 1000 475 1045 nec
495 979 647 1060 multum,
671 979 749 1044 satis
771 981 913 1045 multum
935 1002 1013 1046 esse.

293 1107 432 1172 Utinam
454 1107 483 1171 is
505 1107 597 1172 dolor
619 1114 804 1191 suppeteret
825 1108 906 1172 mihi
917 1134 927 1186 5

377 1235 505 1299 utinam
526 1256 601 1299 vero
623 1243 656 1299 et
678 1236 789 1320 major.

293 1363 358 1427 Sed
380 1383 506 1446 nequeo
527 1363 700 1446 impetrare
722 1384 742 1428 a
762 1383 834 1427 me..

247 1490 379 1570 Exarui,
401 1490 511 1554 exarui
532 1491 621 1555 velut
642 1497 735 1555 testa.

422 1619 483 1684 Vae
504 1618 603 1684 mihi!

206 1810 267 1891 aa,
291 1810 441 1888 nomine,
471 1765 506 1942 {

508 1745 642 1830 adauge,
665 1766 761 1831 quem
783 1746 896 1828 habeo,
986 1766 1020 1944 }
1070 1747 1200 1815 fontem

1026 1877 1265 1963 lacrymarum,

418 2004 627 2089 liquefactum
648 2025 712 2084 cor,
737 2006 877 2089 gemitus
898 2005 1138 2072 inenarrabiles.

509 1875 631 1960 supple,
655 1896 751 1960 quem
772 1898 840 1943 nou
861 1877 974 1955 habeo,

203 2133 351 2212 Interim,
374 2154 449 2198 cum
469 2133 551 2198 mihi
572 2139 741 2218 promptus
763 2133 805 2198 sit
828 2133 965 2214 animus,

288 2260 468 2343 Acceptum
489 2259 609 2325 habeas
631 2281 684 2326 me
707 2259 886 2325 seeundum
907 2260 942 2324 id
963 2260 1050 2344 quod
1073 2260 1188 2335 habeo,

376 2385 455 2452 Non
477 2387 654 2452 secundum
676 2386 711 2451 id
733 2388 820 2473 quod
841 2409 908 2453 non
929 2388 1044 2454 habeo.

203 2515 384 2580 Extendam
406 2524 524 2597 autem,
548 2517 623 2602 quia
636 2517 805 2583 intendere
827 2540 893 2583 non
914 2540 1046 2604 possum
1060 2518 1173 2603 magis,

375 2643 439 2707 Per
460 2664 572 2708 omnes
594 2665 697 2709 annos
718 2645 792 2710 vitae
813 2666 902 2711 meae.

203 2767 244 2830 V.
269 2766 335 2831 Sed
356 2768 453 2832 toties
473 2768 627 2853 relapsus,
651 2791 715 2853 qua
735 2769 853 2849 fronte,
878 2792 941 2854 qua
962 2776 1071 2835 mente

419 2895 550 2960 Reverti
571 2916 658 2960 nuuc
680 2897 817 2980 potero?

331 3024 442 3089 Nulla.
486 3025 587 3090 Totus
608 3024 697 3089 enim
720 3024 881 3105 confusus,

739 3153 760 3195 f
763 3153 887 3233 incedo,

244 3283 441 3348 Confusione
463 3303 536 3346 mea
557 3291 687 3366 opertus
763 3282 869 3361 sede0‚

761 3412 862 3496 jaeeo.

199 3543 271 3606 Nee
292 3539 444 3604 auderem
465 3538 578 3619 fecere,

285 3669 358 3734 Nee
378 3668 527 3747 facerem,
548 3667 628 3752 quin
650 3667 744 3752 plane
767 3665 969 3751 desperarem
991 3663 1131 3749 penitus,

285 3798 339 3878 Et,
361 3797 446 3882 quod
467 3796 671 3881 desperantes
692 3796 824 3875 faciunt,
846 3794 995 3874 facerem,

197 3926 272 3990 Nisi
295 3926 370 4010 quie
392 3947 463 4009 spes
485 3926 590 3991 adhue
612 3925 741 4010 reliqua

327 4053 408 4119 Quae
430 4055 523 4137 spes?

198 4180 311 4262 Usque
333 4179 373 4243 ad
397 4180 579 4263 septuagies
601 4179 718 4263 septies

282 4310 448 4394 Porrigere
470 4311 515 4375 'Pe
537 4308 788 4375 misericordiam
810 4307 922 4372 Tuam.
