2910 5002
255 454 320 516 386
518 453 688 517 PREOES
718 451 1039 517 QUO'PIDIANAE.

254 621 362 684 Deum
385 621 497 703 Ipsum
517 621 661 684 videmus
679 620 821 703 singulos
841 620 953 703 primae
971 620 1142 687 creationis
1159 620 1232 687 dieo
1251 643 1329 686 non

340 747 433 811 aliter
455 747 671 825 claudentem,
695 768 793 829 quam
822 767 879 830 per
901 747 1155 832 recognitionem
1179 769 1328 833 operum

340 875 495 958 cujusque
519 874 592 938 diei.

253 1003 298 1064 Et
319 1001 399 1065 vidit
422 1002 508 1086 quod
529 1001 616 1065 bona
637 1008 755 1065 essent.
804 1003 879 1066 Gen.
903 1003 926 1066 i.
959 1003 1041 1086 [31.]

257 1129 373 1192 Cicero.
419 1131 501 1194 Cato
524 1127 632 1192 diurni
654 1129 777 1212 negotii
806 1151 826 1192 a
855 1130 1068 1197 serationem
1098 1131 1260 1215 exigebat,
1288 1140 1326 1196 et

344 1255 544 1341 Pythagoras
566 1254 673 1318 etiam.

253 1383 413 1446 Ausonius
434 1403 474 1445 ee
496 1384 704 1465 Pytkoqoro:

298 1509 371 1574 Neo
392 1509 480 1592 priua
502 1509 537 1571 in
560 1508 687 1573 dnloem
709 1507 873 1572 declinent
894 1509 1018 1574 lumina
1040 1530 1200 1587 somnum,

299 1637 418 1700 Omnia
439 1657 536 1718 quam
558 1636 647 1719 longi
669 1636 854 1719 repetiveris
877 1644 949 1701 aeta
969 1636 1043 1701 diei.

257 1764 325 1825 Rex
348 1760 463 1838 David,
487 1767 599 1824 exacto
621 1761 683 1837 die,
706 1762 932 1841 meditabatur,

386 1884 437 1949 noi
461 1883 605 1949 ἔσκολλε
627 1884 664 1949 τὸ
687 1886 829 1968 Πνοῦμο.

256 2234 298 2299 In
320 2236 382 2301 hoo
403 2235 631 2319 Areopagitioo
653 2242 686 2300 et
709 2240 867 2302 nocturno
888 2237 1045 2316 examine,

343 2362 426 2428 Vide
463 2385 504 2427 ne
541 2370 714 2447 patronum
752 2370 787 2427 te
817 2363 967 2440 ostendas
1003 2372 1218 2448 peecatorum,
1257 2367 1319 2430 aed

468 2490 621 2574 judicem.

341 2618 385 2681 ut
407 2617 442 2680 in
464 2617 619 2681 tribunali
642 2618 760 2692 mentis
783 2624 848 2682 tuae
870 2617 950 2696 die„

388 2744 463 2826 (Die
486 2765 560 2819 eum
583 2743 691 2808 dolore
714 2751 747 2807 et
769 2744 1004 2827 indignatione)

254 2871 466 2954 Iniquitatem
488 2892 594 2935 meam
617 2892 765 2953 agnosco,
789 2871 940 2949 Domine,
984 2872 1072 2935 Paul.
1096 2871 1130 2937 li.
1153 2875 1183 2936 3.

341 3000 371 3063 Ο
395 3000 464 3082 quia
487 2999 576 3064 dabit
598 3001 701 3064 menti
723 3021 802 3065 meae
824 3000 960 3082 flogella,

258 3126 339 3192 Qoae
361 3129 499 3210 peccatis
521 3128 601 3192 meis
623 3150 689 3192 non
711 3129 867 3211 parcant?
911 3130 1036 3193 Ecolue.
1061 3129 1146 3192 xxiii.
1170 3130 1200 3192 2.

257 3250 299 3315 Εἰ
320 3251 449 3322 ἑαυτοὺς
471 3251 675 3340 διεκρίνομεν,
697 3251 755 3319 οὐκ
777 3253 816 3319 ἂν
839 3251 1037 3340 ἐκρινόμεθα,
1073 3259 1088 3319 1
1111 3255 1181 3318 Cor.
1197 3255 1241 3318 xi.
1257 3258 1314 3319 31.

503 3377 704 3460 κοιμωμένων
726 3378 846 3463 φύλαξ,
869 3380 1098 3444 dormientium
1120 3390 1238 3457 eustos,

257 3505 370 3570 Oratio
392 3513 440 3569 est
507 3506 722 3594 ἐγρηγορότων
758 3506 887 3594 θάρσος,
925 3510 1127 3591 vigilantium
1163 3509 1292 3573 fiducia.

553 3634 608 3697 Gr.
632 3634 727 3716 Nym.

256 3763 372 3845 Neque
394 3783 468 3826 eum
490 3766 599 3839 tutum
622 3762 826 3841 arbitramur,
850 3762 903 3844 qui
927 3784 993 3826 non
1019 3761 1117 3826 fuerit

344 3890 508 3955 Orationis
532 3891 629 3953 ermis
651 3891 861 3973 praesidioque
883 3890 1039 3954 munitus.

257 4020 369 4096 Recte¹
387 4018 487 4100 igitur
519 4018 598 4080 Rob.
622 4019 653 4080 J.
683 4016 722 4080 de
754 4018 945 4101 poenitentia
973 4039 1039 4082 non
1068 4017 1104 4080 in
1134 4017 1312 4082 erastinum

346 4144 531 4221 differenda,

368 4296 492 4365 eninr
519 4294 715 4374 κνιοιιοι
743 4265 915 4375 nenne
942 4268 1083 4368 nium
1113 4297 1200 4369 eui
