2910 5002
467 437 644 504 ,Peuces
670 436 990 506 QUOTIDIANAE.
1194 446 1260 514 419

202 611 295 675 Psal.
316 629 387 672 xxx.
411 613 443 673 5.
508 610 715 674 Momentum
738 618 787 675 est
808 611 858 675 ira
879 612 969 697 Ejus.

202 735 244 798 Is.
268 735 321 800 liv.
344 737 376 800 8.
504 736 559 801 Ad
591 744 750 821 punctum
783 738 821 801 in
855 738 983 804 modico
1003 739 1119 825 reliqui
1150 749 1194 821 te,
1225 741 1260 806 in

459 867 723 932 miserationibus
749 867 877 952 magnis
899 869 1102 953 congregabo
1127 877 1170 934 te.

201 990 301 1055 Abcc.
324 992 369 1056 iii.
392 995 425 1057 2.
495 994 548 1057 ·In
576 994 648 1077 ipsa
677 994 725 1058 ira
753 993 941 1059 recordatur
961 995 1198 1073 misericordia,
1228 1005 1262 1061 et

547 1120 642 1185 facile
665 1129 698 1184 et
720 1121 844 1204 exigue.

202 1245 293 1308 Paul.
316 1245 396 1308 xciv.
421 1245 472 1310 18.
503 1246 540 1310 Si
562 1246 706 1311 dicebam
735 1253 843 1310 motus
872 1255 926 1312 est·
944 1264 1001 1331 pes
1031 1268 1132 1327 meus,
1162 1249 1258 1314 mise-

460 1372 597 1438 n'cordis
618 1375 697 1450 Tua,
720 1374 870 1453 Domine,
893 1375 1073 1440 sublevabit
1093 1397 1155 1441 me.

302 1499 411 1583 [xxxii.
428 1499 474 1583 5.]
507 1499 594 1577 Dixi,
626 1499 813 1564 confitebor
843 1501 1011 1565 adversum
1047 1522 1100 1565 me
1130 1502 1258 1586 injusti-

460 1625 541 1689 tiam
567 1645 673 1689 meam
699 1626 850 1706 Domino,
881 1635 915 1691 et
943 1628 1171 1693 'rurensium
1196 1629 1258 1694 ini·

462 1753 618 1836 quitatem
641 1753 764 1837 peecati
786 1756 858 1819 mei.

503 1881 604 1948 Quasi
634 1881 717 1945 nihil
747 1889 797 1947 est
827 1882 930 1962 nobis,
961 1890 1093 1968 propter
1122 1893 1258 1951 memet·

547 2010 652 2093 ipsum
676 2009 758 2074 dixit
781 2013 881 2075 Deus.

200 2141 329 2203 2Sam.
353 2137 406 2200 xii.
433 2139 483 2200 13.
504 2137 595 2200 Dixit
617 2136 732 2219 David,
757 2137 900 2216 Peccavi,
924 2138 1074 2204 Domine.

503 2263 682 2348 Respondit
732 2264 877 2344 Nathan,
928 2265 1088 2331 Dominus
1131 2288 1257 2351 quoque

458 2391 624 2456 transtulit
641 2398 806 2474 peccatum
829 2397 933 2469 tuum,
951 2414 993 2456 ne
1013 2393 1169 2458 morieris.

200 2517 279 2580 Jocl.
303 2516 337 2581 ii.
364 2520 414 2581 13.
504 2517 666 2582 Dominus
695 2515 888 2595 misericors,
917 2515 1088 2601 benignus,
1122 2519 1257 2604 patiens,

458 2645 570 2711 multas
593 2644 826 2723 misericordie,
856 2645 1046 2728 praestabilis
1072 2667 1168 2730 super
1188 2668 1258 2710 ma·

459 2772 540 2836 litia.

200 2901 244 2964 Ia.
267 2920 340 2966 xxx.
364 2902 416 2964 18.
502 2901 678 2984 Exspectat
699 2900 799 2979 Deus,
823 2907 861 2964 nt
882 2900 1072 2965 misereatur
1093 2899 1203 2966 nostri.

221 3160 252 3221 4.
278 3155 471 3241 Compassio.
516 3155 588 3219 Etsi
611 3155 699 3219 enim
720 3156 845 3235 merito,

546 3291 657 3348 tamen
679 3283 831 3349 condolet
852 3283 1030 3348 calamitati
1053 3291 1179 3350 nostrae.

200 3413 276 3476 nac.
300 3412 322 3477 i.
347 3414 399 3477 78.
502 3411 665 3476 Dicuntur
678 3411 800 3476 viscera
814 3421 926 3489 tenera
941 3432 1008 3476 suae
1022 3412 1255 3479 misericordia.

178 3542 265 3604 ·Jer.
289 3561 318 3604 v.
343 3543 397 3604 11.
504 3540 578 3606 Qua
600 3540 703 3624 specie
725 3541 815 3605 Deus
837 3547 886 3605 est
907 3540 1086 3606 misericors

546 3673 580 3730 et
600 3666 780 3732 miserator.

202 3799 288 3861 Psoi.
312 3797 370 3861 cvi.
394 3799 449 3861 4⁷.
504 3797 661 3858 Attamen
683 3813 758 3857 cum
779 3793 901 3857 videret
921 3792 1084 3857 miseriam
1106 3814 1228 3871 eornm

544 3938 728 4002 compassus
750 3923 799 3983 cst
821 3917 883 3982 eis.
1017 3972 1020 3989 2

505 4047 572 4114 Qui
592 4067 660 4118 non
682 4043 786 4110 solum
815 4051 999 4128 peccatores
1022 4043 1123 4124 audit,
1147 4044 1203 4107 sed
1224 4052 1258 4107 et

547 4172 598 4235 die
635 4169 855 4235 tribulationis
882 4190 937 4233 eos
966 4168 1022 4251 qui
1051 4169 1089 4234 in
1113 4176 1258 4251 tempore

549 4299 635 4380 pacis
658 4303 846 4382 spreverunt
870 4297 967 4360 llum.
