<?xml version="1.0" encoding="UTF-8"?>
<!DOCTYPE html PUBLIC "-//W3C//DTD XHTML 1.0 Transitional//EN"
    "http://www.w3.org/TR/xhtml1/DTD/xhtml1-transitional.dtd">
<html xmlns="http://www.w3.org/1999/xhtml" xml:lang="en" lang="en">
 <head>
  <title>
</title>
<meta http-equiv="Content-Type" content="text/html;charset=utf-8" />
  <meta name='ocr-system' content='tesseract 3.04.00' />
  <meta name='ocr-capabilities' content='ocr_page ocr_carea ocr_par ocr_line ocrx_word'/>
</head>
<body>
  <div class='ocr_page' id='page_1' title='image "./precesprivataeq00andrgoog_0169.png"; bbox 0 0 2910 5002; ppageno 0'>
   <div class='ocr_carea' id='block_1_1' title="bbox 463 443 1246 512">
    <p class='ocr_par' dir='ltr' id='par_1_1' title="bbox 463 443 1246 512">
     <span class='ocr_line' id='line_1_1' title="bbox 463 443 1246 512; baseline -0.008 -2"><span class='ocrx_word' id='word_1_1' title='bbox 463 447 633 511; x_wconf 68' lang='lat' dir='ltr'>Peneus</span> <span class='ocrx_word' id='word_1_2' title='bbox 658 444 977 512; x_wconf 77' lang='lat' dir='ltr'>QUOTIDIANAE.</span> <span class='ocrx_word' id='word_1_3' title='bbox 1183 443 1246 506; x_wconf 77' lang='lat'>140</span> 
     </span>
    </p>
   </div>
   <div class='ocr_carea' id='block_1_2' title="bbox 486 1028 954 1107">
    <p class='ocr_par' dir='ltr' id='par_1_2' title="bbox 486 1028 954 1107">
     <span class='ocr_line' id='line_1_2' title="bbox 486 1028 954 1107; baseline 0.002 -1"><span class='ocrx_word' id='word_1_4' title='bbox 486 1028 641 1106; x_wconf 89' lang='lat' dir='ltr'>DIEI</span> <span class='ocrx_word' id='word_1_5' title='bbox 693 1028 954 1107; x_wconf 89' lang='lat' dir='ltr'>SEXTAE.</span> 
     </span>
    </p>
   </div>
   <div class='ocr_carea' id='block_1_3' title="bbox 197 1253 1008 2333">
    <p class='ocr_par' dir='ltr' id='par_1_3' title="bbox 197 1253 1008 2333">
     <span class='ocr_line' id='line_1_3' title="bbox 197 1253 561 1318; baseline -0.003 0"><span class='ocrx_word' id='word_1_6' title='bbox 197 1253 330 1318; x_wconf 80' lang='lat' dir='ltr'><strong>MANE</strong></span> <span class='ocrx_word' id='word_1_7' title='bbox 353 1254 467 1318; x_wconf 82' lang='lat' dir='ltr'>Oratio</span> <span class='ocrx_word' id='word_1_8' title='bbox 491 1275 561 1317; x_wconf 87' lang='lat' dir='ltr'>mea</span> 
     </span>
     <span class='ocr_line' id='line_1_4' title="bbox 323 1379 937 1463; baseline -0.002 -18"><span class='ocrx_word' id='word_1_9' title='bbox 323 1380 495 1463; x_wconf 80' lang='lat' dir='ltr'>praeveniet</span> <span class='ocrx_word' id='word_1_10' title='bbox 516 1387 562 1444; x_wconf 90' lang='lat' dir='ltr'>te.</span> <span class='ocrx_word' id='word_1_11' title='bbox 607 1381 697 1444; x_wconf 74' lang='lat' dir='ltr'>Paul.</span> <span class='ocrx_word' id='word_1_12' title='bbox 719 1379 859 1444; x_wconf 77' lang='lat' dir='ltr'>lxxxviii.</span> <span class='ocrx_word' id='word_1_13' title='bbox 885 1381 937 1444; x_wconf 87' lang='grc'>13.</span> 
     </span>
     <span class='ocr_line' id='line_1_5' title="bbox 455 1504 890 1584; baseline -0.002 -14"><span class='ocrx_word' id='word_1_14' title='bbox 455 1505 651 1570; x_wconf 74' lang='lat' dir='ltr'>Benedictus</span> <span class='ocrx_word' id='word_1_15' title='bbox 671 1526 717 1583; x_wconf 87' lang='lat' dir='ltr'>es,</span> <span class='ocrx_word' id='word_1_16' title='bbox 740 1504 890 1584; x_wconf 83' lang='lat' dir='ltr'>Domine,</span> 
     </span>
     <span class='ocr_line' id='line_1_6' title="bbox 198 1631 1008 1716; baseline -0.002 -18"><span class='ocrx_word' id='word_1_17' title='bbox 198 1631 263 1698; x_wconf 80' lang='lat' dir='ltr'>Qui</span> <span class='ocrx_word' id='word_1_18' title='bbox 283 1631 462 1716; x_wconf 87' lang='lat' dir='ltr'>produxisti</span> <span class='ocrx_word' id='word_1_19' title='bbox 483 1653 523 1697; x_wconf 90' lang='lat' dir='ltr'>ex</span> <span class='ocrx_word' id='word_1_20' title='bbox 544 1639 632 1696; x_wconf 85' lang='lat' dir='ltr'>terra</span> <span class='ocrx_word' id='word_1_21' title='bbox 653 1631 773 1695; x_wconf 74' lang='lat' dir='ltr'>bestim</span> <span class='ocrx_word' id='word_1_22' title='bbox 794 1637 828 1696; x_wconf 91' lang='lat' dir='ltr'>et</span> <span class='ocrx_word' id='word_1_23' title='bbox 846 1633 1008 1716; x_wconf 85' lang='lat' dir='ltr'>jumenta,</span> 
     </span>
     <span class='ocr_line' id='line_1_7' title="bbox 284 1759 828 1843; baseline 0.002 -21"><span class='ocrx_word' id='word_1_24' title='bbox 284 1769 317 1822; x_wconf 88' lang='lat' dir='ltr'>et</span> <span class='ocrx_word' id='word_1_25' title='bbox 338 1779 433 1824; x_wconf 91' lang='lat' dir='ltr'>omne</span> <span class='ocrx_word' id='word_1_26' title='bbox 454 1759 580 1843; x_wconf 80' lang='lat' dir='ltr'>reptile,</span> <span class='ocrx_word' id='word_1_27' title='bbox 627 1760 703 1822; x_wconf 79' lang='lat' dir='ltr'>Gerr.</span> <span class='ocrx_word' id='word_1_28' title='bbox 727 1760 748 1823; x_wconf 93' lang='lat' dir='ltr'>i.</span> <span class='ocrx_word' id='word_1_29' title='bbox 774 1761 828 1823; x_wconf 81' lang='grc'>25.</span> 
     </span>
     <span class='ocr_line' id='line_1_8' title="bbox 423 1886 625 1963; baseline 0.005 -14"><span class='ocrx_word' id='word_1_30' title='bbox 423 1886 625 1963; x_wconf 80' lang='lat' dir='ltr'>alimentum,</span> 
     </span>
     <span class='ocr_line' id='line_1_9' title="bbox 321 2012 663 2092; baseline -0.003 -15"><span class='ocrx_word' id='word_1_31' title='bbox 321 2013 362 2077; x_wconf 89' lang='lat' dir='ltr'>ad</span> <span class='ocrx_word' id='word_1_32' title='bbox 423 2012 663 2092; x_wconf 87' lang='lat' dir='ltr'>indumentum,</span> 
     </span>
     <span class='ocr_line' id='line_1_10' title="bbox 358 2140 667 2223; baseline 0.013 -23"><span class='ocrx_word' id='word_1_33' title='bbox 358 2183 364 2200; x_wconf 87' lang='lat'>.</span> <span class='ocrx_word' id='word_1_34' title='bbox 425 2140 667 2223; x_wconf 70' lang='lat' dir='ltr'>adjumentum</span> 
     </span>
     <span class='ocr_line' id='line_1_11' title="bbox 286 2267 642 2333; baseline -0.003 -1"><span class='ocrx_word' id='word_1_35' title='bbox 286 2274 319 2332; x_wconf 89' lang='lat' dir='ltr'>et</span> <span class='ocrx_word' id='word_1_36' title='bbox 341 2267 457 2333; x_wconf 87' lang='lat' dir='ltr'>creasti</span> <span class='ocrx_word' id='word_1_37' title='bbox 477 2268 642 2332; x_wconf 88' lang='lat' dir='ltr'>bominem</span> 
     </span>
    </p>
   </div>
   <div class='ocr_carea' id='block_1_4' title="bbox 246 2395 978 2711">
    <p class='ocr_par' dir='ltr' id='par_1_4' title="bbox 246 2395 978 2711">
     <span class='ocr_line' id='line_1_12' title="bbox 373 2395 978 2479; baseline -0.005 -20"><span class='ocrx_word' id='word_1_38' title='bbox 373 2395 414 2459; x_wconf 88' lang='lat' dir='ltr'>ad</span> <span class='ocrx_word' id='word_1_39' title='bbox 434 2395 609 2479; x_wconf 77' lang='lat' dir='ltr'>imaginem</span> <span class='ocrx_word' id='word_1_40' title='bbox 630 2401 731 2474; x_wconf 83' lang='lat' dir='ltr'>tuam,</span> <span class='ocrx_word' id='word_1_41' title='bbox 780 2396 857 2458; x_wconf 82' lang='lat' dir='ltr'>Gen.</span> <span class='ocrx_word' id='word_1_42' title='bbox 880 2395 901 2457; x_wconf 94' lang='lat' dir='ltr'>i.</span> <span class='ocrx_word' id='word_1_43' title='bbox 925 2396 978 2459; x_wconf 88' lang='grc'>26.</span> 
     </span>
     <span class='ocr_line' id='line_1_13' title="bbox 246 2519 660 2599; baseline 0.005 -17"><span class='ocrx_word' id='word_1_44' title='bbox 246 2519 293 2582; x_wconf 92' lang='lat' dir='ltr'>Ut</span> <span class='ocrx_word' id='word_1_45' title='bbox 316 2519 536 2584; x_wconf 85' lang='lat' dir='ltr'>dominaretur</span> <span class='ocrx_word' id='word_1_46' title='bbox 557 2528 660 2599; x_wconf 82' lang='lat' dir='ltr'>terroe,</span> 
     </span>
     <span class='ocr_line' id='line_1_14' title="bbox 374 2646 912 2711; baseline -0.004 -1"><span class='ocrx_word' id='word_1_47' title='bbox 374 2654 406 2710; x_wconf 89' lang='lat' dir='ltr'>et</span> <span class='ocrx_word' id='word_1_48' title='bbox 427 2646 619 2711; x_wconf 80' lang='lat' dir='ltr'>benedixisti</span> <span class='ocrx_word' id='word_1_49' title='bbox 640 2647 697 2710; x_wconf 93' lang='lat' dir='ltr'>illi.</span> <span class='ocrx_word' id='word_1_50' title='bbox 750 2647 835 2709; x_wconf 78' lang='lat' dir='ltr'>Vere.</span> <span class='ocrx_word' id='word_1_51' title='bbox 859 2649 912 2710; x_wconf 84' lang='lat'>28.</span> 
     </span>
    </p>
   </div>
   <div class='ocr_carea' id='block_1_5' title="bbox 202 2843 1124 3312">
    <p class='ocr_par' dir='ltr' id='par_1_5' title="bbox 202 2843 887 2928">
     <span class='ocr_line' id='line_1_15' title="bbox 202 2843 887 2928; baseline -0.013 -15"><span class='ocrx_word' id='word_1_52' title='bbox 202 2845 385 2913; x_wconf 84' lang='lat' dir='ltr'>Praehabita</span> <span class='ocrx_word' id='word_1_53' title='bbox 407 2843 604 2922; x_wconf 87' lang='lat' dir='ltr'>deliberatio,</span> <span class='ocrx_word' id='word_1_54' title='bbox 655 2844 749 2928; x_wconf 83' lang='lat' dir='ltr'>[Gen.</span> <span class='ocrx_word' id='word_1_55' title='bbox 773 2844 794 2907; x_wconf 95' lang='lat' dir='ltr'>i.</span> <span class='ocrx_word' id='word_1_56' title='bbox 819 2843 887 2926; x_wconf 83' lang='grc'><strong>26.]</strong></span> 
     </span>
    </p>

    <p class='ocr_par' dir='ltr' id='par_1_6' title="bbox 202 2970 1124 3183">
     <span class='ocr_line' id='line_1_16' title="bbox 202 2970 1124 3054; baseline -0.005 -16"><span class='ocrx_word' id='word_1_57' title='bbox 202 2975 321 3038; x_wconf 85' lang='lat' dir='ltr'>Divina</span> <span class='ocrx_word' id='word_1_58' title='bbox 342 2992 458 3034; x_wconf 82' lang='lat' dir='ltr'>manus</span> <span class='ocrx_word' id='word_1_59' title='bbox 480 2970 568 3054; x_wconf 94' lang='lat' dir='ltr'>operi</span> <span class='ocrx_word' id='word_1_60' title='bbox 591 2970 730 3049; x_wconf 85' lang='lat' dir='ltr'>admota,</span> <span class='ocrx_word' id='word_1_61' title='bbox 780 2971 884 3054; x_wconf 82' lang='lat' dir='ltr'>[Paul.</span> <span class='ocrx_word' id='word_1_62' title='bbox 908 2970 1054 3034; x_wconf 81' lang='lat' dir='ltr'>cxxxviii.</span> <span class='ocrx_word' id='word_1_63' title='bbox 1078 2970 1124 3053; x_wconf 92' lang='lat'>8.]</span> 
     </span>
     <span class='ocr_line' id='line_1_17' title="bbox 204 3097 726 3183; baseline 0 -19"><span class='ocrx_word' id='word_1_64' title='bbox 204 3098 344 3183; x_wconf 86' lang='lat' dir='ltr'>Spiratio</span> <span class='ocrx_word' id='word_1_65' title='bbox 365 3098 450 3173; x_wconf 80' lang='lat' dir='ltr'>vitae,</span> <span class='ocrx_word' id='word_1_66' title='bbox 502 3097 596 3181; x_wconf 82' lang='lat' dir='ltr'>[Gen.</span> <span class='ocrx_word' id='word_1_67' title='bbox 620 3098 654 3162; x_wconf 92' lang='lat' dir='ltr'>ii.</span> <span class='ocrx_word' id='word_1_68' title='bbox 679 3098 726 3182; x_wconf 88' lang='grc'>7.]</span> 
     </span>
    </p>

    <p class='ocr_par' dir='ltr' id='par_1_7' title="bbox 202 3225 690 3312">
     <span class='ocr_line' id='line_1_18' title="bbox 202 3225 690 3312; baseline -0.002 -20"><span class='ocrx_word' id='word_1_69' title='bbox 202 3229 317 3310; x_wconf 81' lang='lat' dir='ltr'>Imago</span> <span class='ocrx_word' id='word_1_70' title='bbox 338 3225 411 3304; x_wconf 90' lang='lat' dir='ltr'>Dei,</span> <span class='ocrx_word' id='word_1_71' title='bbox 461 3225 554 3308; x_wconf 74' lang='lat' dir='ltr'>[Gen</span> <span class='ocrx_word' id='word_1_72' title='bbox 576 3227 597 3289; x_wconf 91' lang='lat' dir='ltr'>i.</span> <span class='ocrx_word' id='word_1_73' title='bbox 621 3226 690 3312; x_wconf 85' lang='grc'><strong>26.]</strong></span> 
     </span>
    </p>
   </div>
   <div class='ocr_carea' id='block_1_6' title="bbox 202 3352 1012 3563">
    <p class='ocr_par' dir='ltr' id='par_1_8' title="bbox 202 3352 1012 3563">
     <span class='ocr_line' id='line_1_19' title="bbox 202 3352 924 3436; baseline -0.004 -18"><span class='ocrx_word' id='word_1_74' title='bbox 202 3352 400 3418; x_wconf 88' lang='lat' dir='ltr'>Constitutio</span> <span class='ocrx_word' id='word_1_75' title='bbox 422 3373 517 3436; x_wconf 90' lang='lat' dir='ltr'>super</span> <span class='ocrx_word' id='word_1_76' title='bbox 539 3372 644 3436; x_wconf 87' lang='lat' dir='ltr'>opera,</span> <span class='ocrx_word' id='word_1_77' title='bbox 689 3354 779 3417; x_wconf 80' lang='lat' dir='ltr'>Paul.</span> <span class='ocrx_word' id='word_1_78' title='bbox 803 3353 868 3416; x_wconf 89' lang='lat' dir='ltr'>viii.</span> <span class='ocrx_word' id='word_1_79' title='bbox 892 3353 924 3416; x_wconf 90' lang='grc'>6.</span> 
     </span>
     <span class='ocr_line' id='line_1_20' title="bbox 203 3477 1012 3563; baseline -0.002 -19"><span class='ocrx_word' id='word_1_80' title='bbox 203 3481 404 3563; x_wconf 84' lang='lat' dir='ltr'>Praeoeptnm</span> <span class='ocrx_word' id='word_1_81' title='bbox 426 3477 563 3562; x_wconf 79' lang='lat' dir='ltr'>Angelis</span> <span class='ocrx_word' id='word_1_82' title='bbox 584 3479 624 3543; x_wconf 91' lang='lat' dir='ltr'>de</span> <span class='ocrx_word' id='word_1_83' title='bbox 646 3479 712 3558; x_wconf 93' lang='lat' dir='ltr'>illo,</span> <span class='ocrx_word' id='word_1_84' title='bbox 757 3480 847 3543; x_wconf 81' lang='lat' dir='ltr'>Paul.</span> <span class='ocrx_word' id='word_1_85' title='bbox 870 3480 932 3543; x_wconf 90' lang='lat' dir='ltr'>xci.</span> <span class='ocrx_word' id='word_1_86' title='bbox 959 3479 1012 3542; x_wconf 94' lang='grc'>11.</span> 
     </span>
    </p>
   </div>
   <div class='ocr_carea' id='block_1_7' title="bbox 204 3605 622 3670">
    <p class='ocr_par' dir='ltr' id='par_1_9' title="bbox 204 3605 622 3670">
     <span class='ocr_line' id='line_1_21' title="bbox 204 3605 622 3670; baseline 0 0"><span class='ocrx_word' id='word_1_87' title='bbox 204 3605 386 3670; x_wconf 84' lang='lat' dir='ltr'>Paradisus.</span> <span class='ocrx_word' id='word_1_88' title='bbox 434 3605 510 3669; x_wconf 80' lang='lat' dir='ltr'>Gen.</span> <span class='ocrx_word' id='word_1_89' title='bbox 534 3606 566 3669; x_wconf 94' lang='lat' dir='ltr'>ii.</span> <span class='ocrx_word' id='word_1_90' title='bbox 590 3609 622 3670; x_wconf 91' lang='lat'>8.</span> 
     </span>
    </p>
   </div>
   <div class='ocr_carea' id='block_1_8' title="bbox 205 3792 1213 4130">
    <p class='ocr_par' dir='ltr' id='par_1_10' title="bbox 205 3792 1213 4130">
     <span class='ocr_line' id='line_1_22' title="bbox 205 3792 1030 3857; baseline -0.002 -1"><span class='ocrx_word' id='word_1_91' title='bbox 205 3793 279 3856; x_wconf 86' lang='lat' dir='ltr'>Cor.</span> <span class='ocrx_word' id='word_1_92' title='bbox 405 3793 494 3857; x_wconf 88' lang='lat' dir='ltr'>Vita.</span> <span class='ocrx_word' id='word_1_93' title='bbox 808 3793 934 3855; x_wconf 89' lang='lat' dir='ltr'>Notum</span> <span class='ocrx_word' id='word_1_94' title='bbox 957 3792 1030 3855; x_wconf 90' lang='lat' dir='ltr'>Dei.</span> 
     </span>
     <span class='ocr_line' id='line_1_23' title="bbox 207 3919 1100 4001; baseline -0.003 -17"><span class='ocrx_word' id='word_1_95' title='bbox 207 3920 322 3984; x_wconf 83' lang='lat' dir='ltr'>Renes</span> <span class='ocrx_word' id='word_1_96' title='bbox 408 3921 540 3983; x_wconf 83' lang='lat' dir='ltr'>Sensus.</span> <span class='ocrx_word' id='word_1_97' title='bbox 808 3919 971 4001; x_wconf 85' lang='lat' dir='ltr'>Scriptum</span> <span class='ocrx_word' id='word_1_98' title='bbox 994 3919 1100 4001; x_wconf 81' lang='lat' dir='ltr'>Legis.</span> 
     </span>
     <span class='ocr_line' id='line_1_24' title="bbox 207 4047 1213 4130; baseline -0.004 -18"><span class='ocrx_word' id='word_1_99' title='bbox 207 4048 312 4112; x_wconf 88' lang='lat' dir='ltr'>Oculi.</span> <span class='ocrx_word' id='word_1_100' title='bbox 407 4049 512 4112; x_wconf 86' lang='lat' dir='ltr'>Ratio.</span> <span class='ocrx_word' id='word_1_101' title='bbox 809 4047 947 4110; x_wconf 85' lang='lat' dir='ltr'>Oraoula</span> <span class='ocrx_word' id='word_1_102' title='bbox 969 4047 1213 4130; x_wconf 83' lang='lat' dir='ltr'>Prophetarum.</span> 
     </span>
    </p>
   </div>
   <div class='ocr_carea' id='block_1_9' title="bbox 205 4174 1257 4382">
    <p class='ocr_par' dir='ltr' id='par_1_11' title="bbox 205 4174 1257 4382">
     <span class='ocr_line' id='line_1_25' title="bbox 207 4174 1189 4257; baseline -0.004 -19"><span class='ocrx_word' id='word_1_103' title='bbox 207 4175 323 4238; x_wconf 77' lang='lat' dir='ltr'>Aures.</span> <span class='ocrx_word' id='word_1_104' title='bbox 411 4174 562 4257; x_wconf 88' lang='lat' dir='ltr'>Spiritus.</span> <span class='ocrx_word' id='word_1_105' title='bbox 812 4175 956 4239; x_wconf 88' lang='lat' dir='ltr'>Melodia</span> <span class='ocrx_word' id='word_1_106' title='bbox 978 4175 1189 4239; x_wconf 88' lang='lat' dir='ltr'>Psalmorum.</span> 
     </span>
     <span class='ocr_line' id='line_1_26' title="bbox 205 4297 1257 4382; baseline -0.006 -20"><span class='ocrx_word' id='word_1_107' title='bbox 205 4300 345 4382; x_wconf 87' lang='lat' dir='ltr'>Lingua.</span> <span class='ocrx_word' id='word_1_108' title='bbox 407 4299 561 4362; x_wconf 82' lang='lat' dir='ltr'>Liberum</span> <span class='ocrx_word' id='word_1_109' title='bbox 584 4297 764 4363; x_wconf 87' lang='lat' dir='ltr'>arbitrium.</span> <span class='ocrx_word' id='word_1_110' title='bbox 811 4301 988 4366; x_wconf 89' lang='lat' dir='ltr'>Prudentia</span> <span class='ocrx_word' id='word_1_111' title='bbox 1003 4297 1257 4365; x_wconf 87' lang='lat' dir='ltr'>Proverbiorum.</span> 
     </span>
    </p>
   </div>
   <div class='ocr_carea' id='block_1_10' title="bbox 0 0 1480 5002">
    <p class='ocr_par' dir='ltr' id='par_1_12' title="bbox 0 0 1480 5002">
     <span class='ocr_line' id='line_1_27' title="bbox 0 0 1480 5002; baseline 0 0"><span class='ocrx_word' id='word_1_112' title='bbox 0 0 1480 5002; x_wconf 95' lang='lat' dir='ltr'> </span> 
     </span>
    </p>
   </div>
  </div>
 </body>
</html>
