<?xml version="1.0" encoding="UTF-8"?>
<!DOCTYPE html PUBLIC "-//W3C//DTD XHTML 1.0 Transitional//EN"
    "http://www.w3.org/TR/xhtml1/DTD/xhtml1-transitional.dtd">
<html xmlns="http://www.w3.org/1999/xhtml" xml:lang="en" lang="en">
 <head>
  <title>
</title>
<meta http-equiv="Content-Type" content="text/html;charset=utf-8" />
  <meta name='ocr-system' content='tesseract 3.04.00' />
  <meta name='ocr-capabilities' content='ocr_page ocr_carea ocr_par ocr_line ocrx_word'/>
</head>
<body>
  <div class='ocr_page' id='page_1' title='image "./precesprivataeq00andrgoog_0039.png"; bbox 0 0 2910 5002; ppageno 0'>
   <div class='ocr_carea' id='block_1_1' title="bbox 452 447 1247 550">
    <p class='ocr_par' dir='ltr' id='par_1_1' title="bbox 452 447 1247 550">
     <span class='ocr_line' id='line_1_1' title="bbox 452 447 1247 550; baseline -0.004 -37"><span class='ocrx_word' id='word_1_1' title='bbox 452 448 638 550; x_wconf 25' lang='lat' dir='ltr'><strong>‘Paucas</strong></span> <span class='ocrx_word' id='word_1_2' title='bbox 663 447 978 512; x_wconf 77' lang='lat' dir='ltr'><strong>QUOTIDIANAE.</strong></span> <span class='ocrx_word' id='word_1_3' title='bbox 1208 450 1247 510; x_wconf 80' lang='lat'><strong>21</strong></span> 
     </span>
    </p>
   </div>
   <div class='ocr_carea' id='block_1_2' title="bbox 193 617 1239 1207">
    <p class='ocr_par' dir='ltr' id='par_1_2' title="bbox 193 617 1239 1207">
     <span class='ocr_line' id='line_1_2' title="bbox 193 617 1149 705; baseline -0.004 -19"><span class='ocrx_word' id='word_1_4' title='bbox 193 623 287 705; x_wconf 91' lang='lat' dir='ltr'><strong>Opus</strong></span> <span class='ocrx_word' id='word_1_5' title='bbox 301 641 459 685; x_wconf 91' lang='lat' dir='ltr'><strong>manuum</strong></span> <span class='ocrx_word' id='word_1_6' title='bbox 473 626 603 683; x_wconf 88' lang='lat' dir='ltr'><strong>tuarum</strong></span> <span class='ocrx_word' id='word_1_7' title='bbox 618 640 659 682; x_wconf 92' lang='lat' dir='ltr'><strong>ne</strong></span> <span class='ocrx_word' id='word_1_8' title='bbox 674 618 840 701; x_wconf 75' lang='lat' dir='ltr'><strong>despicias.</strong></span> <span class='ocrx_word' id='word_1_9' title='bbox 886 619 941 681; x_wconf 81' lang='lat' dir='ltr'><strong>Pa.</strong></span> <span class='ocrx_word' id='word_1_10' title='bbox 958 617 1103 682; x_wconf 83' lang='lat' dir='ltr'><strong>cxxxviii.</strong></span> <span class='ocrx_word' id='word_1_11' title='bbox 1120 618 1149 682; x_wconf 83' lang='lat'><strong>8.</strong></span> 
     </span>
     <span class='ocr_line' id='line_1_3' title="bbox 238 743 1032 837; baseline -0.006 -24"><span class='ocrx_word' id='word_1_12' title='bbox 238 747 424 837; x_wconf 81' lang='lat' dir='ltr'><strong>Imaginem</strong></span> <span class='ocrx_word' id='word_1_13' title='bbox 438 754 528 810; x_wconf 85' lang='lat' dir='ltr'><strong>tuam</strong></span> <span class='ocrx_word' id='word_1_14' title='bbox 543 767 585 809; x_wconf 94' lang='lat' dir='ltr'><strong>ne</strong></span> <span class='ocrx_word' id='word_1_15' title='bbox 601 745 767 828; x_wconf 82' lang='lat' dir='ltr'><strong>despicias,</strong></span> <span class='ocrx_word' id='word_1_16' title='bbox 814 745 907 829; x_wconf 77' lang='lat' dir='ltr'><strong>[Gen.</strong></span> <span class='ocrx_word' id='word_1_17' title='bbox 923 745 945 807; x_wconf 92' lang='lat' dir='ltr'><strong>i.</strong></span> <span class='ocrx_word' id='word_1_18' title='bbox 962 743 1032 830; x_wconf 52' lang='lat'><strong>22]</strong></span> 
     </span>
     <span class='ocr_line' id='line_1_4' title="bbox 371 872 878 957; baseline -0.006 -19"><span class='ocrx_word' id='word_1_19' title='bbox 371 873 445 938; x_wconf 83' lang='lat' dir='ltr'><strong>Etsi</strong></span> <span class='ocrx_word' id='word_1_20' title='bbox 459 881 552 938; x_wconf 88' lang='lat' dir='ltr'><strong>notas</strong></span> <span class='ocrx_word' id='word_1_21' title='bbox 566 872 689 957; x_wconf 83' lang='lat' dir='ltr'><strong>peccati</strong></span> <span class='ocrx_word' id='word_1_22' title='bbox 703 879 878 956; x_wconf 82' lang='lat' dir='ltr'><strong>gerentem.</strong></span> 
     </span>
     <span class='ocr_line' id='line_1_5' title="bbox 195 998 818 1082; baseline -0.008 -16"><span class='ocrx_word' id='word_1_23' title='bbox 195 1001 349 1079; x_wconf 82' lang='lat' dir='ltr'><strong>Domine,</strong></span> <span class='ocrx_word' id='word_1_24' title='bbox 365 1000 392 1063; x_wconf 91' lang='lat' dir='ltr'><strong>si</strong></span> <span class='ocrx_word' id='word_1_25' title='bbox 406 999 464 1078; x_wconf 86' lang='lat' dir='ltr'><strong>vis,</strong></span> <span class='ocrx_word' id='word_1_26' title='bbox 479 1006 571 1082; x_wconf 88' lang='lat' dir='ltr'><strong>potes</strong></span> <span class='ocrx_word' id='word_1_27' title='bbox 586 1019 639 1062; x_wconf 93' lang='lat' dir='ltr'><strong>me</strong></span> <span class='ocrx_word' id='word_1_28' title='bbox 652 998 818 1062; x_wconf 83' lang='lat' dir='ltr'><strong>mundare.</strong></span> 
     </span>
     <span class='ocr_line' id='line_1_6' title="bbox 194 1125 1239 1207; baseline -0.006 -13"><span class='ocrx_word' id='word_1_29' title='bbox 194 1129 349 1207; x_wconf 88' lang='lat' dir='ltr'><strong>Domine,</strong></span> <span class='ocrx_word' id='word_1_30' title='bbox 365 1128 416 1191; x_wconf 91' lang='lat' dir='ltr'><strong>dic</strong></span> <span class='ocrx_word' id='word_1_31' title='bbox 430 1134 560 1190; x_wconf 89' lang='lat' dir='ltr'><strong>tantum</strong></span> <span class='ocrx_word' id='word_1_32' title='bbox 574 1125 681 1205; x_wconf 86' lang='lat' dir='ltr'><strong>verbo,</strong></span> <span class='ocrx_word' id='word_1_33' title='bbox 697 1133 731 1190; x_wconf 88' lang='lat' dir='ltr'><strong>et</strong></span> <span class='ocrx_word' id='word_1_34' title='bbox 745 1125 935 1190; x_wconf 85' lang='lat' dir='ltr'><strong>mundabor.</strong></span> <span class='ocrx_word' id='word_1_35' title='bbox 981 1128 1065 1190; x_wconf 81' lang='lat' dir='ltr'><strong>Mat.</strong></span> <span class='ocrx_word' id='word_1_36' title='bbox 1082 1125 1145 1188; x_wconf 87' lang='lat' dir='ltr'><strong>viii.</strong></span> <span class='ocrx_word' id='word_1_37' title='bbox 1162 1126 1192 1204; x_wconf 81' lang='lat'><strong>2,</strong></span> <span class='ocrx_word' id='word_1_38' title='bbox 1210 1126 1239 1188; x_wconf 90' lang='lat'><strong>8.</strong></span> 
     </span>
    </p>
   </div>
   <div class='ocr_carea' id='block_1_3' title="bbox 156 1383 1250 4153">
    <p class='ocr_par' dir='ltr' id='par_1_3' title="bbox 156 1383 1250 4153">
     <span class='ocr_line' id='line_1_7' title="bbox 370 1383 840 1461; baseline -0.002 -13"><span class='ocrx_word' id='word_1_39' title='bbox 370 1385 415 1448; x_wconf 89' lang='lat' dir='ltr'><strong>Et</strong></span> <span class='ocrx_word' id='word_1_40' title='bbox 428 1392 467 1448; x_wconf 91' lang='lat' dir='ltr'><strong>tu</strong></span> <span class='ocrx_word' id='word_1_41' title='bbox 481 1385 528 1447; x_wconf 92' lang='lat' dir='ltr'><strong>mi</strong></span> <span class='ocrx_word' id='word_1_42' title='bbox 544 1384 688 1448; x_wconf 78' lang='lat' dir='ltr'><strong>Salvator</strong></span> <span class='ocrx_word' id='word_1_43' title='bbox 703 1383 840 1461; x_wconf 79' lang='lat' dir='ltr'><strong>Christe,</strong></span> 
     </span>
     <span class='ocr_line' id='line_1_8' title="bbox 373 1513 738 1579; baseline -0.014 0"><span class='ocrx_word' id='word_1_44' title='bbox 373 1514 500 1579; x_wconf 78' lang='lat' dir='ltr'><strong>Christe</strong></span> <span class='ocrx_word' id='word_1_45' title='bbox 516 1513 662 1578; x_wconf 76' lang='lat' dir='ltr'><strong>Salvator</strong></span> <span class='ocrx_word' id='word_1_46' title='bbox 675 1513 738 1575; x_wconf 88' lang='lat' dir='ltr'><strong>mi!</strong></span> 
     </span>
     <span class='ocr_line' id='line_1_9' title="bbox 156 1634 1250 1726; baseline -0.004 -20"><span class='ocrx_word' id='word_1_47' title='bbox 156 1691 164 1706; x_wconf 90' lang='lat'><strong>.</strong></span> <span class='ocrx_word' id='word_1_48' title='bbox 243 1634 389 1706; x_wconf 77' lang='lat' dir='ltr'><strong>Salvator</strong></span> <span class='ocrx_word' id='word_1_49' title='bbox 403 1642 615 1726; x_wconf 87' lang='lat' dir='ltr'><strong>peccantium,</strong></span> <span class='ocrx_word' id='word_1_50' title='bbox 632 1660 768 1724; x_wconf 92' lang='lat' dir='ltr'><strong>quorum</strong></span> <span class='ocrx_word' id='word_1_51' title='bbox 783 1660 842 1722; x_wconf 86' lang='lat' dir='ltr'><strong>ego</strong></span> <span class='ocrx_word' id='word_1_52' title='bbox 856 1640 988 1723; x_wconf 89' lang='lat' dir='ltr'><strong>primus,</strong></span> <span class='ocrx_word' id='word_1_53' title='bbox 1025 1640 1053 1703; x_wconf 90' lang='lat'><strong>1.</strong></span> <span class='ocrx_word' id='word_1_54' title='bbox 1070 1641 1147 1704; x_wconf 67' lang='lat' dir='ltr'><strong>rum.</strong></span> <span class='ocrx_word' id='word_1_55' title='bbox 1159 1640 1180 1704; x_wconf 91' lang='lat' dir='ltr'><strong>i.</strong></span> <span class='ocrx_word' id='word_1_56' title='bbox 1200 1639 1250 1703; x_wconf 88' lang='lat'><strong>15.</strong></span> 
     </span>
     <span class='ocr_line' id='line_1_10' title="bbox 415 1767 714 1851; baseline -0.007 -19"><span class='ocrx_word' id='word_1_57' title='bbox 415 1769 469 1833; x_wconf 88' lang='lat' dir='ltr'><strong>Ne</strong></span> <span class='ocrx_word' id='word_1_58' title='bbox 484 1789 536 1832; x_wconf 89' lang='lat' dir='ltr'><strong>me</strong></span> <span class='ocrx_word' id='word_1_59' title='bbox 552 1767 714 1851; x_wconf 78' lang='lat' dir='ltr'><strong>despicias,</strong></span> 
     </span>
     <span class='ocr_line' id='line_1_11' title="bbox 372 1894 838 1979; baseline 0 -20"><span class='ocrx_word' id='word_1_60' title='bbox 372 1896 426 1959; x_wconf 90' lang='lat' dir='ltr'><strong>Ne</strong></span> <span class='ocrx_word' id='word_1_61' title='bbox 441 1917 493 1959; x_wconf 91' lang='lat' dir='ltr'><strong>me</strong></span> <span class='ocrx_word' id='word_1_62' title='bbox 508 1894 673 1979; x_wconf 85' lang='lat' dir='ltr'><strong>despicias,</strong></span> <span class='ocrx_word' id='word_1_63' title='bbox 690 1895 838 1959; x_wconf 85' lang='lat' dir='ltr'><strong>Domine</strong></span> 
     </span>
     <span class='ocr_line' id='line_1_12' title="bbox 288 2024 686 2107; baseline -0.005 -19"><span class='ocrx_word' id='word_1_64' title='bbox 288 2024 432 2088; x_wconf 89' lang='lat' dir='ltr'><strong>Pretium</strong></span> <span class='ocrx_word' id='word_1_65' title='bbox 447 2024 612 2107; x_wconf 76' lang='lat' dir='ltr'><strong>sanguinis</strong></span> <span class='ocrx_word' id='word_1_66' title='bbox 627 2024 686 2101; x_wconf 82' lang='lat' dir='ltr'><strong>tui,</strong></span> 
     </span>
     <span class='ocr_line' id='line_1_13' title="bbox 289 2151 948 2235; baseline 0 -19"><span class='ocrx_word' id='word_1_67' title='bbox 289 2151 498 2235; x_wconf 84' lang='lat' dir='ltr'><strong>Signaculum</strong></span> <span class='ocrx_word' id='word_1_68' title='bbox 513 2152 653 2215; x_wconf 92' lang='lat' dir='ltr'><strong>nominis</strong></span> <span class='ocrx_word' id='word_1_69' title='bbox 667 2152 716 2214; x_wconf 89' lang='lat' dir='ltr'><strong>tui</strong></span> <span class='ocrx_word' id='word_1_70' title='bbox 731 2173 772 2216; x_wconf 91' lang='lat' dir='ltr'><strong>ne</strong></span> <span class='ocrx_word' id='word_1_71' title='bbox 787 2152 948 2234; x_wconf 83' lang='lat' dir='ltr'><strong>despicias,</strong></span> 
     </span>
     <span class='ocr_line' id='line_1_14' title="bbox 371 2281 841 2365; baseline 0 -20"><span class='ocrx_word' id='word_1_72' title='bbox 371 2282 425 2345; x_wconf 93' lang='lat' dir='ltr'><strong>Ne</strong></span> <span class='ocrx_word' id='word_1_73' title='bbox 439 2302 492 2345; x_wconf 90' lang='lat' dir='ltr'><strong>me</strong></span> <span class='ocrx_word' id='word_1_74' title='bbox 507 2281 674 2365; x_wconf 86' lang='lat' dir='ltr'><strong>despicias,</strong></span> <span class='ocrx_word' id='word_1_75' title='bbox 692 2281 841 2360; x_wconf 89' lang='lat' dir='ltr'><strong>Domine,</strong></span> 
     </span>
     <span class='ocr_line' id='line_1_15' title="bbox 289 2409 782 2493; baseline -0.004 -19"><span class='ocrx_word' id='word_1_76' title='bbox 289 2411 377 2476; x_wconf 83' lang='lat' dir='ltr'><strong>Quin</strong></span> <span class='ocrx_word' id='word_1_77' title='bbox 391 2411 512 2493; x_wconf 85' lang='lat' dir='ltr'><strong>respice</strong></span> <span class='ocrx_word' id='word_1_78' title='bbox 526 2429 579 2472; x_wconf 89' lang='lat' dir='ltr'><strong>me</strong></span> <span class='ocrx_word' id='word_1_79' title='bbox 593 2409 694 2473; x_wconf 89' lang='lat' dir='ltr'><strong>oculis</strong></span> <span class='ocrx_word' id='word_1_80' title='bbox 708 2410 782 2487; x_wconf 89' lang='lat' dir='ltr'><strong>tuis,</strong></span> 
     </span>
     <span class='ocr_line' id='line_1_16' title="bbox 332 2537 712 2621; baseline -0.003 -21"><span class='ocrx_word' id='word_1_81' title='bbox 332 2537 403 2601; x_wconf 90' lang='lat' dir='ltr'><strong>Illis</strong></span> <span class='ocrx_word' id='word_1_82' title='bbox 417 2537 533 2620; x_wconf 88' lang='lat' dir='ltr'><strong>quibus</strong></span> <span class='ocrx_word' id='word_1_83' title='bbox 546 2537 712 2621; x_wconf 83' lang='lat' dir='ltr'><strong>respexisti</strong></span> 
     </span>
     <span class='ocr_line' id='line_1_17' title="bbox 373 2663 820 2747; baseline -0.004 -20"><span class='ocrx_word' id='word_1_84' title='bbox 373 2663 601 2747; x_wconf 85' lang='lat' dir='ltr'><strong>Magdalenam</strong></span> <span class='ocrx_word' id='word_1_85' title='bbox 615 2664 650 2726; x_wconf 92' lang='lat' dir='ltr'><strong>in</strong></span> <span class='ocrx_word' id='word_1_86' title='bbox 666 2663 820 2741; x_wconf 84' lang='lat' dir='ltr'><strong>convivio,</strong></span> 
     </span>
     <span class='ocr_line' id='line_1_18' title="bbox 374 2783 710 2870; baseline -0.003 -15"><span class='ocrx_word' id='word_1_87' title='bbox 374 2792 507 2855; x_wconf 89' lang='lat' dir='ltr'><strong>Petrum</strong></span> <span class='ocrx_word' id='word_1_88' title='bbox 521 2791 557 2853; x_wconf 94' lang='lat' dir='ltr'><strong>in</strong></span> <span class='ocrx_word' id='word_1_89' title='bbox 571 2783 654 2870; x_wconf 83' lang='lat' dir='ltr'><strong>aula,</strong></span> <span class='ocrx_word' id='word_1_90' title='bbox 706 2830 710 2837; x_wconf 88' lang='lat'><strong>·</strong></span> 
     </span>
     <span class='ocr_line' id='line_1_19' title="bbox 375 2918 766 3002; baseline 0 -20"><span class='ocrx_word' id='word_1_91' title='bbox 375 2919 550 2982; x_wconf 84' lang='lat' dir='ltr'><strong>Latronem</strong></span> <span class='ocrx_word' id='word_1_92' title='bbox 563 2918 599 2980; x_wconf 91' lang='lat' dir='ltr'><strong>in</strong></span> <span class='ocrx_word' id='word_1_93' title='bbox 613 2918 766 3002; x_wconf 86' lang='lat' dir='ltr'><strong>patibulo.</strong></span> 
     </span>
     <span class='ocr_line' id='line_1_20' title="bbox 201 3045 893 3124; baseline -0.001 -14"><span class='ocrx_word' id='word_1_94' title='bbox 201 3047 251 3110; x_wconf 90' lang='lat' dir='ltr'><strong>Ut</strong></span> <span class='ocrx_word' id='word_1_95' title='bbox 265 3065 340 3109; x_wconf 89' lang='lat' dir='ltr'><strong>cum</strong></span> <span class='ocrx_word' id='word_1_96' title='bbox 355 3045 497 3109; x_wconf 82' lang='lat' dir='ltr'><strong>Latrone</strong></span> <span class='ocrx_word' id='word_1_97' title='bbox 511 3045 677 3109; x_wconf 90' lang='lat' dir='ltr'><strong>humiliter</strong></span> <span class='ocrx_word' id='word_1_98' title='bbox 692 3054 724 3110; x_wconf 90' lang='lat' dir='ltr'><strong>te</strong></span> <span class='ocrx_word' id='word_1_99' title='bbox 739 3047 893 3124; x_wconf 84' lang='lat' dir='ltr'><strong>invocem,</strong></span> 
     </span>
     <span class='ocr_line' id='line_1_21' title="bbox 200 3172 1163 3254; baseline 0 -18"><span class='ocrx_word' id='word_1_100' title='bbox 200 3173 371 3236; x_wconf 89' lang='lat' dir='ltr'><strong>Memento</strong></span> <span class='ocrx_word' id='word_1_101' title='bbox 385 3172 459 3250; x_wconf 93' lang='lat' dir='ltr'><strong>mei,</strong></span> <span class='ocrx_word' id='word_1_102' title='bbox 476 3173 625 3249; x_wconf 91' lang='lat' dir='ltr'><strong>Domine,</strong></span> <span class='ocrx_word' id='word_1_103' title='bbox 642 3172 677 3235; x_wconf 89' lang='lat' dir='ltr'><strong>in</strong></span> <span class='ocrx_word' id='word_1_104' title='bbox 691 3192 791 3254; x_wconf 88' lang='lat' dir='ltr'><strong>regno</strong></span> <span class='ocrx_word' id='word_1_105' title='bbox 805 3180 871 3235; x_wconf 89' lang='lat' dir='ltr'><strong>tuo.</strong></span> <span class='ocrx_word' id='word_1_106' title='bbox 916 3172 993 3236; x_wconf 77' lang='lat' dir='ltr'><strong>Luc.</strong></span> <span class='ocrx_word' id='word_1_107' title='bbox 1010 3172 1094 3236; x_wconf 84' lang='lat' dir='ltr'><strong>xxiii.</strong></span> <span class='ocrx_word' id='word_1_108' title='bbox 1110 3175 1163 3236; x_wconf 82' lang='lat'><strong>42.</strong></span> 
     </span>
     <span class='ocr_line' id='line_1_22' title="bbox 200 3297 1154 3377; baseline -0.002 -14"><span class='ocrx_word' id='word_1_109' title='bbox 200 3301 286 3364; x_wconf 86' lang='lat' dir='ltr'><strong>eum</strong></span> <span class='ocrx_word' id='word_1_110' title='bbox 300 3300 397 3363; x_wconf 89' lang='lat' dir='ltr'><strong>Petro</strong></span> <span class='ocrx_word' id='word_1_111' title='bbox 412 3298 548 3363; x_wconf 88' lang='lat' dir='ltr'><strong>defleam</strong></span> <span class='ocrx_word' id='word_1_112' title='bbox 562 3319 678 3376; x_wconf 88' lang='lat' dir='ltr'><strong>amaro,</strong></span> <span class='ocrx_word' id='word_1_113' title='bbox 694 3306 728 3362; x_wconf 92' lang='lat' dir='ltr'><strong>et</strong></span> <span class='ocrx_word' id='word_1_114' title='bbox 744 3298 857 3377; x_wconf 87' lang='lat' dir='ltr'><strong>dicam,</strong></span> <span class='ocrx_word' id='word_1_115' title='bbox 904 3297 987 3361; x_wconf 84' lang='lat' dir='ltr'><strong>Mat.</strong></span> <span class='ocrx_word' id='word_1_116' title='bbox 1004 3300 1085 3362; x_wconf 80' lang='lat' dir='ltr'><strong>xxvi.</strong></span> <span class='ocrx_word' id='word_1_117' title='bbox 1103 3303 1154 3363; x_wconf 88' lang='grc'><strong>75.</strong></span> 
     </span>
     <span class='ocr_line' id='line_1_23' title="bbox 246 3429 1055 3516; baseline -0.004 -20"><span class='ocrx_word' id='word_1_118' title='bbox 246 3429 276 3496; x_wconf 94' lang='grc' dir='ltr'><strong>Ο</strong></span> <span class='ocrx_word' id='word_1_119' title='bbox 291 3431 364 3514; x_wconf 90' lang='lat' dir='ltr'><strong>quis</strong></span> <span class='ocrx_word' id='word_1_120' title='bbox 379 3431 469 3495; x_wconf 89' lang='lat' dir='ltr'><strong>dabit</strong></span> <span class='ocrx_word' id='word_1_121' title='bbox 483 3431 583 3495; x_wconf 87' lang='lat' dir='ltr'><strong>oculis</strong></span> <span class='ocrx_word' id='word_1_122' title='bbox 597 3431 678 3494; x_wconf 92' lang='lat' dir='ltr'><strong>meis</strong></span> <span class='ocrx_word' id='word_1_123' title='bbox 693 3430 818 3495; x_wconf 88' lang='lat' dir='ltr'><strong>fontem</strong></span> <span class='ocrx_word' id='word_1_124' title='bbox 832 3431 1055 3516; x_wconf 85' lang='lat' dir='ltr'><strong>lacrymarum,</strong></span> 
     </span>
     <span class='ocr_line' id='line_1_24' title="bbox 288 3558 980 3642; baseline -0.001 -21"><span class='ocrx_word' id='word_1_125' title='bbox 288 3559 332 3621; x_wconf 86' lang='lat' dir='ltr'><strong>Et</strong></span> <span class='ocrx_word' id='word_1_126' title='bbox 347 3558 478 3641; x_wconf 91' lang='lat' dir='ltr'><strong>plorabo</strong></span> <span class='ocrx_word' id='word_1_127' title='bbox 493 3558 544 3621; x_wconf 92' lang='lat' dir='ltr'><strong>die</strong></span> <span class='ocrx_word' id='word_1_128' title='bbox 559 3578 596 3620; x_wconf 90' lang='lat' dir='ltr'><strong>ac</strong></span> <span class='ocrx_word' id='word_1_129' title='bbox 612 3559 727 3622; x_wconf 78' lang='lat' dir='ltr'><strong>nocte!</strong></span> <span class='ocrx_word' id='word_1_130' title='bbox 780 3558 859 3642; x_wconf 83' lang='lat' dir='ltr'><strong>[Jer.</strong></span> <span class='ocrx_word' id='word_1_131' title='bbox 876 3558 917 3621; x_wconf 76' lang='lat' dir='ltr'><strong>ix.</strong></span> <span class='ocrx_word' id='word_1_132' title='bbox 935 3558 980 3640; x_wconf 87' lang='grc'><strong>1.]</strong></span> 
     </span>
     <span class='ocr_line' id='line_1_25' title="bbox 200 3688 871 3771; baseline -0.006 -16"><span class='ocrx_word' id='word_1_133' title='bbox 200 3692 287 3755; x_wconf 91' lang='lat' dir='ltr'><strong>Cum</strong></span> <span class='ocrx_word' id='word_1_134' title='bbox 302 3688 497 3771; x_wconf 83' lang='lat' dir='ltr'><strong>Magdalena</strong></span> <span class='ocrx_word' id='word_1_135' title='bbox 511 3688 639 3752; x_wconf 86' lang='lat' dir='ltr'><strong>audiam</strong></span> <span class='ocrx_word' id='word_1_136' title='bbox 654 3702 687 3752; x_wconf 88' lang='lat' dir='ltr'><strong>te</strong></span> <span class='ocrx_word' id='word_1_137' title='bbox 703 3688 871 3765; x_wconf 88' lang='lat' dir='ltr'><strong>dicentem,</strong></span> 
     </span>
     <span class='ocr_line' id='line_1_26' title="bbox 290 3814 830 3898; baseline 0 -20"><span class='ocrx_word' id='word_1_138' title='bbox 290 3814 433 3878; x_wconf 87' lang='lat' dir='ltr'><strong>Dimissa</strong></span> <span class='ocrx_word' id='word_1_139' title='bbox 446 3814 505 3878; x_wconf 90' lang='lat' dir='ltr'><strong>tibi</strong></span> <span class='ocrx_word' id='word_1_140' title='bbox 521 3822 596 3876; x_wconf 90' lang='lat' dir='ltr'><strong>sunt</strong></span> <span class='ocrx_word' id='word_1_141' title='bbox 611 3822 742 3898; x_wconf 86' lang='lat' dir='ltr'><strong>peccata</strong></span> <span class='ocrx_word' id='word_1_142' title='bbox 756 3824 830 3878; x_wconf 90' lang='lat' dir='ltr'><strong>tua:</strong></span> 
     </span>
     <span class='ocr_line' id='line_1_27' title="bbox 332 3941 868 4023; baseline 0 -19"><span class='ocrx_word' id='word_1_143' title='bbox 332 3942 377 4004; x_wconf 83' lang='lat' dir='ltr'><strong>Et</strong></span> <span class='ocrx_word' id='word_1_144' title='bbox 392 3963 465 4004; x_wconf 92' lang='lat' dir='ltr'><strong>cum</strong></span> <span class='ocrx_word' id='word_1_145' title='bbox 481 3941 550 4023; x_wconf 85' lang='lat' dir='ltr'><strong>ipsa</strong></span> <span class='ocrx_word' id='word_1_146' title='bbox 563 3942 704 4004; x_wconf 90' lang='lat' dir='ltr'><strong>multum</strong></span> <span class='ocrx_word' id='word_1_147' title='bbox 719 3942 868 4023; x_wconf 71' lang='lat' dir='ltr'><strong>diligam,</strong></span> 
     </span>
     <span class='ocr_line' id='line_1_28' title="bbox 248 4069 809 4153; baseline -0.002 -19"><span class='ocrx_word' id='word_1_148' title='bbox 248 4069 333 4134; x_wconf 76' lang='lat' dir='ltr'><strong>Quia</strong></span> <span class='ocrx_word' id='word_1_149' title='bbox 348 4069 451 4132; x_wconf 89' lang='lat' dir='ltr'><strong>multa</strong></span> <span class='ocrx_word' id='word_1_150' title='bbox 465 4069 561 4147; x_wconf 74' lang='lat' dir='ltr'><strong>mihi,</strong></span> <span class='ocrx_word' id='word_1_151' title='bbox 572 4078 605 4132; x_wconf 93' lang='lat' dir='ltr'><strong>et</strong></span> <span class='ocrx_word' id='word_1_152' title='bbox 619 4071 809 4153; x_wconf 88' lang='lat' dir='ltr'><strong>multiplicia</strong></span> 
     </span>
    </p>
   </div>
   <div class='ocr_carea' id='block_1_4' title="bbox 551 4197 1106 4275">
    <p class='ocr_par' dir='ltr' id='par_1_4' title="bbox 551 4197 1106 4275">
     <span class='ocr_line' id='line_1_29' title="bbox 551 4197 1106 4275; baseline 0 -16"><span class='ocrx_word' id='word_1_153' title='bbox 551 4197 679 4259; x_wconf 86' lang='lat' dir='ltr'><strong>dimissa</strong></span> <span class='ocrx_word' id='word_1_154' title='bbox 695 4208 779 4260; x_wconf 91' lang='lat' dir='ltr'><strong>sunt.</strong></span> <span class='ocrx_word' id='word_1_155' title='bbox 826 4197 901 4262; x_wconf 83' lang='lat' dir='ltr'><strong>Luc.</strong></span> <span class='ocrx_word' id='word_1_156' title='bbox 918 4198 969 4260; x_wconf 91' lang='lat' dir='ltr'><strong>vii.</strong></span> <span class='ocrx_word' id='word_1_157' title='bbox 986 4203 1038 4275; x_wconf 82' lang='lat'><strong>47,</strong></span> <span class='ocrx_word' id='word_1_158' title='bbox 1053 4201 1106 4259; x_wconf 81' lang='lat'><strong>48.</strong></span> 
     </span>
    </p>
   </div>
   <div class='ocr_carea' id='block_1_5' title="bbox 0 0 1460 5002">
    <p class='ocr_par' dir='ltr' id='par_1_5' title="bbox 0 0 1460 5002">
     <span class='ocr_line' id='line_1_30' title="bbox 0 0 1460 5002; baseline 0 3"><span class='ocrx_word' id='word_1_159' title='bbox 0 0 1460 5002; x_wconf 95' lang='lat' dir='ltr'><strong> </strong></span> 
     </span>
    </p>
   </div>
  </div>
 </body>
</html>
