2910 5002
452 441 620 505 PRECDS
645 439 965 507 QUOTIDIANAE.
1173 438 1237 504 217

528 611 577 674 Ut

441 736 513 799 Filii
536 739 639 801 nostri

182 863 246 926 sint
270 863 353 927 siout
376 863 510 928 novellae
534 864 750 947 plantationes

352 993 387 1054 in
405 993 577 1075 juventute
600 1014 675 1070 suo;

398 1120 488 1184 Filiae
510 1128 629 1185 nostroe

181 1246 373 1328 compositae,
397 1254 434 1308 ut
457 1247 633 1311 similitudo
655 1247 788 1331 templi,

312 1375 535 1458 Promptuoria
556 1383 676 1455 nostra,

225 1501 403 1564 eructantia
424 1522 464 1564 ex
485 1502 547 1566 hoe
568 1503 604 1567 in
625 1503 724 1581 illud,¹

267 1628 351 1691 Oves
373 1634 491 1691 nostroe
512 1628 645 1707 foetosae,

310 1755 415 1818 Boves
437 1760 557 1819 nostroe
580 1775 705 1833 orassae,

181 1882 233 1945 Ne
256 1882 300 1945 sit
322 1883 417 1946 ruina
438 1883 595 1962 maceriae,

267 2031 371 2094 neque
393 2011 558 2090 transitus,

266 2160 372 2222 neque
394 2139 524 2203 clamor.
570 2140 660 2203 Psoi.
683 2139 775 2203 cxliv.
800 2129 852 2217 12,Ι
876 2141 928 2218 13,
953 2142 1005 2204 14.
1110 2217 1113 2223 .
1198 2119 1202 2127 Ι

182 2266 290 2329 Unum
314 2266 392 2350 petii
415 2288 432 2329 a
456 2267 608 2344 Domino,
631 2266 716 2330 hano
737 2267 908 2350 requiram,

226 2400 263 2455 ut
286 2391 465 2455 inhabitem
487 2392 523 2455 in
545 2392 640 2456 domo
663 2393 796 2456 Domini

267 2520 417 2591 omnibus
439 2520 552 2584 diebus
575 2521 648 2585 vitoe
669 2542 769 2585 mere:

226 2651 273 2713 Ut
295 2640 420 2713 videam
442 2651 638 2733 voluptatem
662 2651 805 2728 Domini,
853 2655 855 2661 ’

267 2784 299 2840 et
322 2778 447 2841 visitem
469 2777 627 2860 templum
649 2778 718 2860 ejus

353 2912 512 2968 sanetum.
558 2906 645 2968 Ptol.
669 2903 762 2967 xxvii.
785 2905 817 2966 4.

184 3030 259 3093 Duo
281 3030 392 3113 rogavi
413 3038 458 3109 te,
482 3030 631 3107 Domine,

269 3158 322 3221 Ne
345 3157 484 3242 deneges
507 3159 587 3222 mihi
609 3165 783 3242 antequem
805 3157 934 3234 moriar,

182 3284 370 3347 Vanitatem
394 3291 426 3348 et
449 3285 546 3349 verbe
567 3284 735 3349 mendacis
755 3286 851 3368 longe
872 3286 923 3350 foe
945 3306 965 3348 s
986 3307 1049 3350 me.

182 3412 438 3491 Mendicitatem,
462 3420 494 3477 et
517 3414 654 3494 divitias,
676 3435 719 3478 ne
741 3414 866 3478 dederis
886 3414 976 3479 mihi.

182 3539 301 3603 Tribue
323 3546 452 3604 tantum
475 3541 573 3606 viotiri
595 3563 668 3606 meo
690 3542 877 3621 necessaria,

224 3687 266 3729 ne
288 3647 370 3730 forte
393 3667 538 3744 satiatus,
562 3667 716 3752 superbus
737 3669 823 3746 fiam,

269 3802 303 3858 et
325 3794 439 3873 dicam,
465 3795 546 3862 Quis
568 3804 618 3859 est
641 3794 826 3859 Dominus?

269 3929 325 3985 aut
347 3930 490 4005 egestate
513 3922 695 4005 compulsus
717 3921 815 3999 furer,

268 4057 301 4113 et
321 4050 480 4134 perjurem
503 4072 621 4114 nomen
644 4050 706 4115 Dei
727 4050 802 4113 mei.
848 4048 944 4113 Prov.
967 4068 1040 4110 xxx.
1067 4050 1097 4125 7,
1121 4050 1152 4125 8,
1175 4048 1206 4111 9.

183 4176 315 4240 Discum
338 4184 371 4240 et
393 4177 568 4256 abundare,

269 4306 391 4370 discam
414 4314 448 4371 et
469 4307 643 4387 humiliari,

228 4447 287 4484 nro.
305 4447 404 4486 rmore.
605 4471 610 4477 .
751 4449 770 4496 F
792 4449 809 4495 F
