2910 5002
262 439 344 503 ‘414
550 435 721 503 PREOES
747 438 1063 504 QUOTIDIANAE.

279 607 349 670 Jos.
374 628 444 670 rxv.
467 608 499 669 3.
584 607 656 670 Nec
685 606 792 669 infans
820 607 918 670 unius
950 606 1023 685 diei,
1047 628 1114 671 nec.
1136 606 1239 671 stellae
1262 606 1342 691 ipsae

496 733 626 797 mnndae
650 741 727 797 sunt
749 735 783 797 in
807 742 981 818 conspectu
1003 735 1084 814 Tuo,
1107 742 1140 800 et
1162 735 1198 800 in
1216 736 1341 819 angelis

497 861 573 925 Tuis
594 861 762 943 respexisti
783 861 1009 945 insipientiam.

282 989 368 1052 Psal.
392 1009 481 1053 cxxx.
506 991 536 1051 3.
585 989 619 1051 si
648 987 835 1072 iniquitates
864 989 1031 1053 observare
1061 990 1208 1068 volueris,
1238 1010 1338 1055 nemo

496 1115 665 1180 sustinebit
677 1143 686 1192 3

584 1243 619 1306 Si
648 1244 683 1306 in
710 1244 869 1328 judicium
899 1244 1032 1323 intrare,
1062 1265 1158 1308 nemo
1179 1245 1257 1310 inde
1279 1245 1335 1310 ab·

498 1370 605 1434 scedet
622 1368 847 1453 justificatus
1120 1418 1124 1427 .
1180 1450 1184 1455 ⁵

282 1496 349 1561 Jos.
372 1495 424 1560 vii.
448 1502 477 1561 9.
580 1497 625 1561 Et
648 1497 803 1579 quid-fiet
825 1497 963 1560 Nomini
985 1498 1055 1561 Tuo
1077 1497 1124 1560 illi
1146 1499 1291 1581 magno?

584 1625 672 1692 Quid
694 1625 814 1688 divitiis
836 1624 901 1688 illis
924 1624 1152 1689 misericordiae
1173 1626 1261 1704 rua,

284 1753 354 1816 Gal.
377 1753 410 1816 ii.
433 1757 487 1817 21.
587 1752 675 1820 Quid
696 1753 846 1837 sanguini
870 1753 944 1816 Filii
965 1753 1052 1816 Tui?

626 1881 680 1944 An
702 1881 802 1964 gratis
823 1879 1007 1944 morietur?

563 2010 657 2072 Certe
679 2007 797 2092 peribit
819 2007 982 2085 saeculum,
997 2006 1060 2069 nisi
1075 2006 1335 2090 multiplicaveris

623 2136 873 2200 misericordiam
895 2157 1061 2219 ergonos.

646 2262 753 2326 Absit.

282 2387 436 2472 [Romal.
449 2388 515 2472 32]
556 2391 651 2454 Certe
673 2391 857 2455 conclusisti
879 2411 990 2453 omnes
1014 2389 1075 2454 sub
1097 2395 1238 2472 peceato,

582 2518 630 2581 Ut
653 2519 797 2600 omnium
820 2519 964 2583 misereri
985 2515 1103 2601 posses.
1195 2562 1198 2569 -

323 2709 478 2772 Omnium
503 2646 614 2837 paui
636 2668 809 2731 agnoscere
830 2655 961 2732 peccata
984 2652 1068 2725 sua,'

549 2774 614 2841 Qui
636 2775 798 2839 miseriam
818 2773 895 2839 inde
916 2779 1173 2858 promeruerunt,

454 2900 519 2968 Qui
540 2901 644 2965 redire
667 2902 707 2964 ad
729 2903 775 2966 'Pe
797 2909 866 2966 toto
888 2901 983 2966 corde
1006 2900 1150 2985 cupiunt.

280 3025 352 3089 Hos
374 3048 485 3092 omnes
506 3027 638 3092 dilectos
660 3026 764 3091 fecisti
786 3025 822 3091 in

254 3188 259 3193 ·
323 3151 450 3218 Dilecto
472 3155 561 3232 'Pu03

279 3280 351 3345 Nec
372 3288 553 3365 peccatores
574 3284 716 3365 pusillos,

254 3442 258 3450 ·
323 3472 388 3536 Sed
416 3409 651 3602 {Manassem
672 3410 709 3472 in
730 3410 842 3488 veteri,

461 3536 598 3603 Paulum
619 3538 656 3601 in
677 3556 769 3616 novo,

279 3666 328 3729 Ut
349 3666 385 3729 in
406 3665 470 3729 illis
493 3665 679 3729 ostenderes
700 3665 922 3730 excellentiam
946 3662 1161 3728 miserationis
1185 3662 1283 3739 uum

251 3824 257 3833 ·
364 3799 402 3857 ut
424 3793 562 3877 aperires
583 3800 710 3876 portum
733 3793 801 3876 spei
1111 3790 1114 3794 ’

451 3921 659 4010 Peccatorum
682 3919 804 4002 primis.

252 4226 254 4231 ,
276 4180 308 4240 5.
333 4177 442 4242 Quare
464 4195 557 4256 paroc
579 4175 661 4237 mihi
682 4175 717 4237 in
739 4172 877 4256 gratiam
978 4264 980 4269 Ι

362 4301 465 4365 redire
488 4300 640 4384 cupienti.
