2910 5002
199 397 262 461 190
474 393 613 457 ETXAI
641 393 984 458 ΚΑΘΗΜΕΡΙΝΑΙ.

285 560 499 650 προαιρέσεις,

286 692 514 780 ἐπιχειρήσεις,

200 817 316 902 ἔξοδον,
338 817 393 884 καὶ
415 816 549 898 εἴσοδον,

331 944 498 1033 κάθεδραν,
522 945 576 1011 καὶ
598 944 733 1033 ἔγερσιν.

200 1201 258 1269 Σοὶ
278 1201 396 1288 πρέπει
418 1200 525 1284 ὕμνος,
549 1200 566 1266 ό
589 1200 679 1275 Θεὸς,

287 1327 345 1393 καί
363 1353 417 1394 σοι
438 1325 680 1408 ἀποδοθήσεται
703 1324 792 1414 εὐχή.

198 1456 309 1540 ΙἌξιος
332 1455 397 1522 εἶά
424 1456 551 1544 Κύριος,
574 1454 591 1521 ό
615 1454 696 1524 Θεός
717 1453 816 1537 ἡμῶν,
839 1452 856 1518 ό
880 1451 980 1536 ίνγιας,

286 1584 406 1663 λαβεῖν
427 1582 487 1665 τὴν
507 1581 603 1665 δόξαν
624 1579 680 1647 καὶ
700 1580 760 1663 τὴν
781 1579 887 1664 τιμὴν,

417 1709 472 1775 ml
493 1709 552 1810 τὴν
575 1708 715 1793 δύναμιν.

200 1836 242 1903 ‘0
264 1838 462 1908 εἰσακούσας
483 1841 540 1920 τῆς
561 1840 757 1926 προσευχῆς,

286 1963 367 2052 πρὸς
389 1963 430 2030 σὲ
452 1963 524 2048 ἥξει
546 1966 641 2029 πᾶσα
663 1963 757 2050 σάρξ,

419 2090 489 2175 ἦξει
512 2091 566 2156 καὶ
587 2089 651 2173 ἥδε·

201 2217 310 2284 Ἀλλά
326 2217 424 2302 λόγοι
446 2217 573 2300 ἀνόμων
593 2215 882 2305 ὑπερεδννάμοισαν
905 2216 970 2300 ἐμὲ,

288 2349 357 2415 ταῖς
378 2343 547 2424 ἀσεβείαις
567 2370 630 2426 μου

376 2473 418 2540 σὺ
441 2471 550 2557 ἱλάσῃ.

202 2597 266 2665 Τοῦ
288 2597 377 2682 ἥκειν
399 2597 456 2664 τοῦ
478 2599 748 2682 ἐξομολογεῖσθαὶ
766 2626 807 2682 με

288 2727 372 2808 μετὰ
393 2724 524 2792 πάντων
545 2729 608 2792 τῶν
630 2725 732 2813 ἔργων
754 2753 823 2800 σον,

376 2853 431 2919 καὶ
451 2853 536 2936 μετὰ
557 2856 621 2919 τῶν
640 2851 765 2920 Ὁσίων
786 2879 847 2918 σου

420 2976 601 3062 εὖλσγῆσαί
619 3005 668 3045 σε.

204 3106 312 3195 Κύριε,
336 3107 378 3173 τά
399 3107 499 3198 χείλη
521 3133 583 3191 μου
605 3106 750 3192 ἀνοίξεις,

289 3234 344 3300 ml
365 3236 402 3301 τὸ
423 3234 530 3316 στόμα
550 3262 612 3318 μον
633 3235 806 3320 ἀναγγελεῖ

377 3359 436 3442 τὴν
457 3362 580 3428 αἴνεσίν
602 3389 672 3429 σον.

203 3609 335 3693 Αἱνεῖἦ
359 3610 458 3699 ψυχή
479 3637 542 3694 μου
563 3609 619 3678 τάν
641 3610 772 3700 Κύριον,

291 3737 360 3804 ἀνθ’
383 3736 428 3804 ὦν
450 3737 485 3805 εὖ
507 3737 635 3827 ἔδρασε,

378 3866 437 3947 τὴν
459 3867 570 3934 κτίσιν
592 3865 736 3950 όπασαν,

290 3991 327 4058 τό
348 3991 440 4075 γένος
461 3991 620 4082 ἡμέτερον
641 3994 738 4061 όπαν.

202 4116 291 4185 'Ave'
315 4117 359 4186 ὧν
381 4119 471 4191 ἔλεος
494 4121 653 4202 ἐποίησας
672 4122 741 4205 μετ’
765 4124 913 4208 ε’μαντοῦ,

180 4262 189 4276 ·
289 4245 347 4329 τι
368 4246 493 4335 μοι
