2910 5002
434 441 602 504 PRECES
630 439 946 504 QUOTIDIANAE.
1155 438 1217 498 199

163 1081 273 1143 Parra
295 1081 440 1158 Creator,
464 1100 559 1162 quem
582 1080 707 1158 creasti,

165 1207 224 1270 Pili
248 1207 457 1289 Redemptor,
481 1227 576 1286 quem
598 1205 772 1284 redemisti,

165 1333 305 1416 Spiritus
328 1333 558 1413 Regenerator‚
584 1351 678 1413 quem
702 1334 906 1412 regenerasti,

465 1457 519 1521 Ne
543 1468 740 1540 corrumpas.

163 1586 215 1649 Ne
239 1585 390 1661 Domine,
413 1605 454 1646 ue
476 1583 660 1647 memineris
683 1593 887 1667 peecatorum
909 1607 1063 1664 meorum,
1123 1650 1125 1654 ,

206 1714 323 1795 Neque
346 1720 550 1795 peccatorum
573 1712 733 1794 majorum
756 1736 912 1793 meorum,

208 1900 324 1981 Neque
339 1897 513 1961 vindictam
530 1918 620 1960 sume
644 1897 683 1960 de
705 1900 844 1981 peccatis
859 1900 987 1979 nostris,
996 1855 1153 2029 {mrum

1033 1968 1123 2030 meis.

316 2156 415 2217 Parce
438 2133 543 2230 nobis,
567 2153 717 2231 Domine,
736 2109 821 2281 {uss
845 2218 851 2230 ⁸

773 2217 866 2281 mrhr.

381 2348 480 2409 Parce
502 2345 620 2429 populo
642 2353 709 2421 tu0,

423 2475 478 2551 Et,
501 2473 537 2535 in
559 2470 687 2554 populo,
713 2492 802 2533 servo
824 2478 891 2550 tuo,
976 2478 979 2484 '

337 2599 484 2664 Pretioso
506 2607 565 2663 tuo
587 2599 744 2680 sanguine
766 2598 944 2683 redempto,

317 2742 320 2748 ·
379 2734 412 2790 et
428 2747 469 2790 ne
478 2726 624 2789 irascaris
639 2724 733 2788 nobis
748 2725 784 2787 in
795 2726 956 2789 saeculum.
978 2704 1220 2814 [LitoossAnyl]

165 2855 339 2938 Propitius,
361 2854 518 2937 propitius
540 2861 621 2930 esto,
644 2872 739 2935 parce
761 2853 863 2932 nobis,
888 2854 1037 2939 Domine,

251 2984 295 3046 Et
317 3003 358 3045 ne
379 2980 526 3044 irascaris
549 2979 641 3042 nobis
664 2979 700 3042 in
723 2980 887 3044 saeculum.

85 3164 89 3171 .
164 3111 335 3192 Propitius,
358 3109 515 3193 propitius
537 3114 617 3184 esto,
641 3106 792 3170 miserere
815 3106 919 3183 nobis,
943 3108 1093 3186 Domine,

251 3237 295 3299 Et
318 3256 358 3297 ne
380 3233 525 3298 irascaris
548 3232 641 3296 nobis
663 3231 771 3296 nimis.

469 3362 532 3439 Ne,
557 3360 706 3437 Domine,

164 3493 218 3555 Ne
240 3491 339 3554 facias
361 3489 440 3552 mihi
463 3489 640 3552 secundum
662 3487 850 3570 iniquitates
874 3507 971 3562 meas,
1160 3571 1161 3574 Ἴ

208 3617 325 3697 Neque
335 3613 508 3676 secundnm
519 3621 649 3695 peccata
658 3633 730 3674 mea
737 3610 896 3673 retribuas
905 3610 995 3688 mihi,
1008 3610 1072 3694 [Po.
1080 3611 1145 3689 eiii,
1156 3612 1221 3694 10.]
1271 3631 1275 3638 ’

167 3742 231 3805 Sed
254 3740 429 3804 secundum
452 3760 603 3818 magnam
626 3735 877 3799 misericordiam
899 3744 990 3798 tuam
1012 3736 1112 3799 facias
1131 3738 1222 3814 mihi,

208 3871 252 3932 Et
275 3847 453 3930 secundum
477 3864 720 3928 multitudinem
743 3861 985 3924 miserationum

339 4002 469 4055 tuarum
492 3989 652 4054 retribuas
675 3989 763 4050 mihi.

167 4118 352 4182 Secundum
376 4138 527 4200 magnam
549 4116 645 4189 istam
668 4111 928 4189 misericordiam,
953 4120 986 4174 et

167 4243 353 4308 Secundum
376 4241 619 4304 multitudinem
642 4240 738 4304 istam
761 4238 1015 4314 miserationum,
