<?xml version="1.0" encoding="UTF-8"?>
<!DOCTYPE html PUBLIC "-//W3C//DTD XHTML 1.0 Transitional//EN"
    "http://www.w3.org/TR/xhtml1/DTD/xhtml1-transitional.dtd">
<html xmlns="http://www.w3.org/1999/xhtml" xml:lang="en" lang="en">
 <head>
  <title>
</title>
<meta http-equiv="Content-Type" content="text/html;charset=utf-8" />
  <meta name='ocr-system' content='tesseract 3.04.00' />
  <meta name='ocr-capabilities' content='ocr_page ocr_carea ocr_par ocr_line ocrx_word'/>
</head>
<body>
  <div class='ocr_page' id='page_1' title='image "./precesprivataeq00andrgoog_0292.png"; bbox 0 0 2910 5002; ppageno 0'>
   <div class='ocr_carea' id='block_1_1' title="bbox 440 457 1225 525">
    <p class='ocr_par' dir='ltr' id='par_1_1' title="bbox 440 457 1225 525">
     <span class='ocr_line' id='line_1_1' title="bbox 440 457 1225 525; baseline -0.003 -2"><span class='ocrx_word' id='word_1_1' title='bbox 440 459 609 524; x_wconf 86' lang='lat' dir='ltr'>PRECES</span> <span class='ocrx_word' id='word_1_2' title='bbox 638 457 957 525; x_wconf 75' lang='lat' dir='ltr'><strong>QUOTIDIANAE.</strong></span> <span class='ocrx_word' id='word_1_3' title='bbox 1162 459 1225 522; x_wconf 83' lang='lat'>271</span> 
     </span>
    </p>
   </div>
   <div class='ocr_carea' id='block_1_2' title="bbox 171 620 1227 2343">
    <p class='ocr_par' dir='ltr' id='par_1_2' title="bbox 171 620 1227 2343">
     <span class='ocr_line' id='line_1_2' title="bbox 171 620 1226 710; baseline 0.001 -21"><span class='ocrx_word' id='word_1_4' title='bbox 171 627 305 710; x_wconf 81' lang='lat' dir='ltr'>Angelis</span> <span class='ocrx_word' id='word_1_5' title='bbox 319 624 396 691; x_wconf 77' lang='lat' dir='ltr'>&#39;Puis</span> <span class='ocrx_word' id='word_1_6' title='bbox 418 628 536 692; x_wconf 90' lang='lat' dir='ltr'>manda</span> <span class='ocrx_word' id='word_1_7' title='bbox 553 627 593 691; x_wconf 92' lang='lat' dir='ltr'>de</span> <span class='ocrx_word' id='word_1_8' title='bbox 610 649 673 708; x_wconf 89' lang='lat' dir='ltr'>me,</span> <span class='ocrx_word' id='word_1_9' title='bbox 689 632 726 690; x_wconf 89' lang='lat' dir='ltr'>ut</span> <span class='ocrx_word' id='word_1_10' title='bbox 747 626 929 690; x_wconf 87' lang='lat' dir='ltr'>custodiant</span> <span class='ocrx_word' id='word_1_11' title='bbox 947 626 1051 690; x_wconf 87' lang='lat' dir='ltr'>mein</span> <span class='ocrx_word' id='word_1_12' title='bbox 1072 626 1132 690; x_wconf 85' lang='lat' dir='ltr'>viis</span> <span class='ocrx_word' id='word_1_13' title='bbox 1151 620 1226 690; x_wconf 88' lang='lat' dir='ltr'>tuis.</span> 
     </span>
     <span class='ocr_line' id='line_1_3' title="bbox 263 755 540 839; baseline 0.011 -23"><span class='ocrx_word' id='word_1_14' title='bbox 263 755 366 839; x_wconf 83' lang='lat' dir='ltr'>[Paul.</span> <span class='ocrx_word' id='word_1_15' title='bbox 389 756 449 820; x_wconf 84' lang='lat' dir='ltr'>xci.</span> <span class='ocrx_word' id='word_1_16' title='bbox 475 755 540 839; x_wconf 86' lang='grc'><strong>11.]</strong></span> 
     </span>
     <span class='ocr_line' id='line_1_4' title="bbox 172 881 676 961; baseline 0.002 -18"><span class='ocrx_word' id='word_1_17' title='bbox 172 881 250 944; x_wconf 85' lang='lat' dir='ltr'>Vias</span> <span class='ocrx_word' id='word_1_18' title='bbox 273 883 357 945; x_wconf 68' lang='lat' dir='ltr'>&#39;luas</span> <span class='ocrx_word' id='word_1_19' title='bbox 379 881 565 946; x_wconf 89' lang='lat' dir='ltr'>demonstra</span> <span class='ocrx_word' id='word_1_20' title='bbox 587 882 676 961; x_wconf 90' lang='lat' dir='ltr'>mihi,</span> 
     </span>
     <span class='ocr_line' id='line_1_5' title="bbox 343 1006 1148 1092; baseline -0.001 -21"><span class='ocrx_word' id='word_1_21' title='bbox 343 1015 376 1071; x_wconf 90' lang='lat' dir='ltr'>et</span> <span class='ocrx_word' id='word_1_22' title='bbox 398 1008 527 1072; x_wconf 82' lang='lat' dir='ltr'>semitas</span> <span class='ocrx_word' id='word_1_23' title='bbox 550 1009 634 1071; x_wconf 80' lang='lat' dir='ltr'>Tuas</span> <span class='ocrx_word' id='word_1_24' title='bbox 657 1008 754 1072; x_wconf 82' lang='lat' dir='ltr'>edoce</span> <span class='ocrx_word' id='word_1_25' title='bbox 776 1014 839 1072; x_wconf 84' lang='lat' dir='ltr'>ine.</span> <span class='ocrx_word' id='word_1_26' title='bbox 886 1007 985 1092; x_wconf 85' lang='lat' dir='ltr'>[Psal.</span> <span class='ocrx_word' id='word_1_27' title='bbox 1008 1029 1079 1071; x_wconf 87' lang='lat' dir='ltr'>xxv.</span> <span class='ocrx_word' id='word_1_28' title='bbox 1102 1006 1148 1090; x_wconf 79' lang='grc'>4.]</span> 
     </span>
     <span class='ocr_line' id='line_1_6' title="bbox 173 1135 1076 1223; baseline 0.002 -26"><span class='ocrx_word' id='word_1_29' title='bbox 173 1136 310 1198; x_wconf 87' lang='lat' dir='ltr'>Gressus</span> <span class='ocrx_word' id='word_1_30' title='bbox 332 1157 421 1200; x_wconf 88' lang='lat' dir='ltr'>meos</span> <span class='ocrx_word' id='word_1_31' title='bbox 444 1136 546 1220; x_wconf 83' lang='lat' dir='ltr'>dirige</span> <span class='ocrx_word' id='word_1_32' title='bbox 569 1137 747 1223; x_wconf 87' lang='lat' dir='ltr'>secundum</span> <span class='ocrx_word' id='word_1_33' title='bbox 770 1135 935 1219; x_wconf 91' lang='lat' dir='ltr'>eloquium</span> <span class='ocrx_word' id='word_1_34' title='bbox 957 1136 1076 1212; x_wconf 82' lang='lat' dir='ltr'>Tuum,</span> 
     </span>
     <span class='ocr_line' id='line_1_7' title="bbox 215 1262 1224 1349; baseline 0.001 -23"><span class='ocrx_word' id='word_1_35' title='bbox 215 1270 248 1326; x_wconf 85' lang='lat' dir='ltr'>et</span> <span class='ocrx_word' id='word_1_36' title='bbox 259 1285 325 1328; x_wconf 93' lang='lat' dir='ltr'>non</span> <span class='ocrx_word' id='word_1_37' title='bbox 337 1264 520 1329; x_wconf 83' lang='lat' dir='ltr'>dominetur</span> <span class='ocrx_word' id='word_1_38' title='bbox 531 1265 611 1328; x_wconf 93' lang='lat' dir='ltr'>mihi</span> <span class='ocrx_word' id='word_1_39' title='bbox 621 1265 724 1329; x_wconf 93' lang='lat' dir='ltr'>omnis</span> <span class='ocrx_word' id='word_1_40' title='bbox 735 1264 905 1348; x_wconf 89' lang='lat' dir='ltr'>injustitia.</span> <span class='ocrx_word' id='word_1_41' title='bbox 931 1264 1033 1349; x_wconf 78' lang='lat' dir='ltr'>[Psoi.</span> <span class='ocrx_word' id='word_1_42' title='bbox 1044 1263 1125 1328; x_wconf 82' lang='lat' dir='ltr'>cxix.</span> <span class='ocrx_word' id='word_1_43' title='bbox 1137 1262 1224 1346; x_wconf 65' lang='lat'>133]</span> 
     </span>
     <span class='ocr_line' id='line_1_8' title="bbox 172 1391 858 1475; baseline 0.004 -22"><span class='ocrx_word' id='word_1_44' title='bbox 172 1391 285 1474; x_wconf 88' lang='lat' dir='ltr'>Dirige</span> <span class='ocrx_word' id='word_1_45' title='bbox 308 1413 436 1475; x_wconf 83' lang='lat' dir='ltr'>gressus</span> <span class='ocrx_word' id='word_1_46' title='bbox 460 1414 548 1456; x_wconf 93' lang='lat' dir='ltr'>meos</span> <span class='ocrx_word' id='word_1_47' title='bbox 569 1393 605 1455; x_wconf 90' lang='lat' dir='ltr'>in</span> <span class='ocrx_word' id='word_1_48' title='bbox 626 1393 748 1457; x_wconf 86' lang='lat' dir='ltr'>semitis</span> <span class='ocrx_word' id='word_1_49' title='bbox 771 1393 858 1472; x_wconf 82' lang='lat' dir='ltr'>Tuis,</span> 
     </span>
     <span class='ocr_line' id='line_1_9' title="bbox 262 1519 1168 1604; baseline 0 -23"><span class='ocrx_word' id='word_1_50' title='bbox 262 1526 300 1580; x_wconf 88' lang='lat' dir='ltr'>ut</span> <span class='ocrx_word' id='word_1_51' title='bbox 321 1541 389 1583; x_wconf 92' lang='lat' dir='ltr'>uon</span> <span class='ocrx_word' id='word_1_52' title='bbox 410 1527 601 1584; x_wconf 85' lang='lat' dir='ltr'>moveantur</span> <span class='ocrx_word' id='word_1_53' title='bbox 622 1520 756 1604; x_wconf 86' lang='lat' dir='ltr'>vestigia</span> <span class='ocrx_word' id='word_1_54' title='bbox 777 1541 859 1584; x_wconf 89' lang='lat' dir='ltr'>mea.</span> <span class='ocrx_word' id='word_1_55' title='bbox 906 1519 1004 1604; x_wconf 83' lang='lat' dir='ltr'>[Psal.</span> <span class='ocrx_word' id='word_1_56' title='bbox 1027 1520 1100 1582; x_wconf 85' lang='lat' dir='ltr'>xvii.</span> <span class='ocrx_word' id='word_1_57' title='bbox 1123 1519 1168 1602; x_wconf 86' lang='lat'>5.]</span> 
     </span>
     <span class='ocr_line' id='line_1_10' title="bbox 173 1644 1224 1725; baseline 0.003 -19"><span class='ocrx_word' id='word_1_58' title='bbox 173 1644 272 1707; x_wconf 85' lang='lat' dir='ltr'>Mitte</span> <span class='ocrx_word' id='word_1_59' title='bbox 295 1665 476 1709; x_wconf 90' lang='lat' dir='ltr'>sermonem</span> <span class='ocrx_word' id='word_1_60' title='bbox 499 1654 624 1710; x_wconf 88' lang='lat' dir='ltr'>rectum</span> <span class='ocrx_word' id='word_1_61' title='bbox 645 1646 681 1710; x_wconf 91' lang='lat' dir='ltr'>in</span> <span class='ocrx_word' id='word_1_62' title='bbox 699 1667 734 1710; x_wconf 91' lang='lat' dir='ltr'>os</span> <span class='ocrx_word' id='word_1_63' title='bbox 758 1666 876 1724; x_wconf 89' lang='lat' dir='ltr'>meum,</span> <span class='ocrx_word' id='word_1_64' title='bbox 892 1653 925 1709; x_wconf 89' lang='lat' dir='ltr'>et</span> <span class='ocrx_word' id='word_1_65' title='bbox 942 1645 1025 1710; x_wconf 89' lang='lat' dir='ltr'>bene</span> <span class='ocrx_word' id='word_1_66' title='bbox 1046 1654 1224 1725; x_wconf 87' lang='lat' dir='ltr'>sonantem,</span> 
     </span>
     <span class='ocr_line' id='line_1_11' title="bbox 215 1771 833 1854; baseline 0.002 -20"><span class='ocrx_word' id='word_1_67' title='bbox 215 1777 252 1835; x_wconf 92' lang='lat' dir='ltr'>ut</span> <span class='ocrx_word' id='word_1_68' title='bbox 274 1771 391 1854; x_wconf 88' lang='lat' dir='ltr'>placita</span> <span class='ocrx_word' id='word_1_69' title='bbox 413 1772 479 1834; x_wconf 90' lang='lat' dir='ltr'>siut</span> <span class='ocrx_word' id='word_1_70' title='bbox 501 1773 611 1836; x_wconf 88' lang='lat' dir='ltr'>omnia</span> <span class='ocrx_word' id='word_1_71' title='bbox 632 1772 729 1837; x_wconf 88' lang='lat' dir='ltr'>verba</span> <span class='ocrx_word' id='word_1_72' title='bbox 750 1793 833 1851; x_wconf 89' lang='lat' dir='ltr'>mea,</span> 
     </span>
     <span class='ocr_line' id='line_1_12' title="bbox 259 1898 1039 1982; baseline 0.004 -22"><span class='ocrx_word' id='word_1_73' title='bbox 259 1903 292 1960; x_wconf 92' lang='lat' dir='ltr'>et</span> <span class='ocrx_word' id='word_1_74' title='bbox 313 1898 430 1976; x_wconf 88' lang='lat' dir='ltr'>vultus,</span> <span class='ocrx_word' id='word_1_75' title='bbox 454 1907 488 1962; x_wconf 91' lang='lat' dir='ltr'>et</span> <span class='ocrx_word' id='word_1_76' title='bbox 510 1906 630 1982; x_wconf 84' lang='lat' dir='ltr'>gestus,</span> <span class='ocrx_word' id='word_1_77' title='bbox 653 1907 686 1963; x_wconf 91' lang='lat' dir='ltr'>et</span> <span class='ocrx_word' id='word_1_78' title='bbox 708 1899 818 1963; x_wconf 91' lang='lat' dir='ltr'>omnia</span> <span class='ocrx_word' id='word_1_79' title='bbox 839 1919 936 1982; x_wconf 90' lang='lat' dir='ltr'>opera</span> <span class='ocrx_word' id='word_1_80' title='bbox 957 1920 1039 1978; x_wconf 89' lang='lat' dir='ltr'>mea,</span> 
     </span>
     <span class='ocr_line' id='line_1_13' title="bbox 302 2023 1226 2106; baseline 0.004 -20"><span class='ocrx_word' id='word_1_81' title='bbox 302 2023 452 2088; x_wconf 92' lang='lat' dir='ltr'>omnibus</span> <span class='ocrx_word' id='word_1_82' title='bbox 474 2025 669 2105; x_wconf 88' lang='lat' dir='ltr'>hominibus,</span> <span class='ocrx_word' id='word_1_83' title='bbox 685 2047 738 2090; x_wconf 90' lang='lat' dir='ltr'>me</span> <span class='ocrx_word' id='word_1_84' title='bbox 757 2025 939 2089; x_wconf 89' lang='lat' dir='ltr'>videntibus</span> <span class='ocrx_word' id='word_1_85' title='bbox 959 2032 992 2090; x_wconf 89' lang='lat' dir='ltr'>et</span> <span class='ocrx_word' id='word_1_86' title='bbox 1011 2025 1226 2106; x_wconf 75' lang='lat' dir='ltr'>audientibus,</span> 
     </span>
     <span class='ocr_line' id='line_1_14' title="bbox 216 2150 1227 2238; baseline 0.004 -26"><span class='ocrx_word' id='word_1_87' title='bbox 216 2157 253 2213; x_wconf 93' lang='lat' dir='ltr'>ut</span> <span class='ocrx_word' id='word_1_88' title='bbox 279 2150 441 2215; x_wconf 89' lang='lat' dir='ltr'>inveniam</span> <span class='ocrx_word' id='word_1_89' title='bbox 461 2152 597 2235; x_wconf 85' lang='lat' dir='ltr'>gratiam</span> <span class='ocrx_word' id='word_1_90' title='bbox 627 2154 662 2216; x_wconf 92' lang='lat' dir='ltr'>in</span> <span class='ocrx_word' id='word_1_91' title='bbox 685 2152 837 2217; x_wconf 90' lang='lat' dir='ltr'>omnibus</span> <span class='ocrx_word' id='word_1_92' title='bbox 864 2153 1067 2218; x_wconf 87' lang='lat' dir='ltr'>sermonibus</span> <span class='ocrx_word' id='word_1_93' title='bbox 1089 2161 1122 2218; x_wconf 88' lang='lat' dir='ltr'>et</span> <span class='ocrx_word' id='word_1_94' title='bbox 1143 2155 1227 2238; x_wconf 85' lang='lat' dir='ltr'>peti·</span> 
     </span>
     <span class='ocr_line' id='line_1_15' title="bbox 303 2278 559 2343; baseline 0.008 -3"><span class='ocrx_word' id='word_1_95' title='bbox 303 2278 447 2343; x_wconf 90' lang='lat' dir='ltr'>tionibus</span> <span class='ocrx_word' id='word_1_96' title='bbox 469 2279 559 2342; x_wconf 87' lang='lat' dir='ltr'>meis.</span> 
     </span>
    </p>
   </div>
   <div class='ocr_carea' id='block_1_3' title="bbox 173 2529 1267 2866">
    <p class='ocr_par' dir='ltr' id='par_1_3' title="bbox 173 2529 1267 2866">
     <span class='ocr_line' id='line_1_16' title="bbox 173 2529 989 2618; baseline 0.005 -24"><span class='ocrx_word' id='word_1_97' title='bbox 173 2531 311 2594; x_wconf 85' lang='lat' dir='ltr'>Amator</span> <span class='ocrx_word' id='word_1_98' title='bbox 332 2532 511 2610; x_wconf 90' lang='lat' dir='ltr'>hominum,</span> <span class='ocrx_word' id='word_1_99' title='bbox 535 2529 756 2618; x_wconf 74' lang='grc' dir='ltr'>φιλάνθρωπε.</span> <span class='ocrx_word' id='word_1_100' title='bbox 806 2535 867 2597; x_wconf 78' lang='lat' dir='ltr'>Tit.</span> <span class='ocrx_word' id='word_1_101' title='bbox 889 2534 935 2599; x_wconf 91' lang='lat' dir='ltr'>iii.</span> <span class='ocrx_word' id='word_1_102' title='bbox 958 2539 989 2598; x_wconf 88' lang='grc'>4.</span> 
     </span>
     <span class='ocr_line' id='line_1_17' title="bbox 175 2656 1267 2750; baseline 0.009 -31"><span class='ocrx_word' id='word_1_103' title='bbox 175 2656 356 2721; x_wconf 88' lang='lat' dir='ltr'>Multorum</span> <span class='ocrx_word' id='word_1_104' title='bbox 370 2658 529 2723; x_wconf 90' lang='lat' dir='ltr'>bonorum</span> <span class='ocrx_word' id='word_1_105' title='bbox 543 2660 710 2740; x_wconf 86' lang='lat' dir='ltr'>viscerum,</span> <span class='ocrx_word' id='word_1_106' title='bbox 726 2660 1052 2750; x_wconf 69' lang='grc' dir='ltr'>πολυώσπλαγχνος.</span> <span class='ocrx_word' id='word_1_107' title='bbox 1085 2662 1155 2729; x_wconf 60' lang='grc' dir='ltr'>ιῙαο.</span> <span class='ocrx_word' id='word_1_108' title='bbox 1172 2686 1202 2728; x_wconf 84' lang='lat' dir='ltr'>v.</span> <span class='ocrx_word' id='word_1_109' title='bbox 1215 2667 1267 2729; x_wconf 90' lang='grc'>11.</span> 
     </span>
     <span class='ocr_line' id='line_1_18' title="bbox 174 2784 852 2866; baseline 0.013 -21"><span class='ocrx_word' id='word_1_110' title='bbox 174 2784 271 2847; x_wconf 90' lang='lat' dir='ltr'>Pater</span> <span class='ocrx_word' id='word_1_111' title='bbox 292 2785 592 2866; x_wconf 82' lang='lat' dir='ltr'>misericordiarum,</span> <span class='ocrx_word' id='word_1_112' title='bbox 636 2793 657 2853; x_wconf 82' lang='lat'>2</span> <span class='ocrx_word' id='word_1_113' title='bbox 683 2789 752 2852; x_wconf 84' lang='lat' dir='ltr'>Cor.</span> <span class='ocrx_word' id='word_1_114' title='bbox 776 2790 796 2854; x_wconf 92' lang='lat' dir='ltr'>i.</span> <span class='ocrx_word' id='word_1_115' title='bbox 821 2793 852 2854; x_wconf 86' lang='lat'>3.</span> 
     </span>
    </p>
   </div>
   <div class='ocr_carea' id='block_1_4' title="bbox 174 2909 1226 2998">
    <p class='ocr_par' dir='ltr' id='par_1_4' title="bbox 174 2909 1226 2998">
     <span class='ocr_line' id='line_1_19' title="bbox 174 2909 1226 2998; baseline 0.01 -26"><span class='ocrx_word' id='word_1_116' title='bbox 174 2909 272 2972; x_wconf 83' lang='lat' dir='ltr'>Dives</span> <span class='ocrx_word' id='word_1_117' title='bbox 288 2911 504 2976; x_wconf 81' lang='lat' dir='ltr'>misericordia</span> <span class='ocrx_word' id='word_1_118' title='bbox 512 2935 589 2997; x_wconf 86' lang='lat' dir='ltr'>erga</span> <span class='ocrx_word' id='word_1_119' title='bbox 599 2934 712 2978; x_wconf 91' lang='lat' dir='ltr'>omnes</span> <span class='ocrx_word' id='word_1_120' title='bbox 724 2915 779 2998; x_wconf 92' lang='lat' dir='ltr'>qui</span> <span class='ocrx_word' id='word_1_121' title='bbox 793 2915 946 2981; x_wconf 89' lang='lat' dir='ltr'>invocant</span> <span class='ocrx_word' id='word_1_122' title='bbox 961 2917 1016 2980; x_wconf 77' lang='lat' dir='ltr'>Te.</span> <span class='ocrx_word' id='word_1_123' title='bbox 1032 2918 1121 2980; x_wconf 85' lang='lat' dir='ltr'>Rom.</span> <span class='ocrx_word' id='word_1_124' title='bbox 1134 2938 1163 2981; x_wconf 87' lang='lat' dir='ltr'>x.</span> <span class='ocrx_word' id='word_1_125' title='bbox 1176 2920 1226 2984; x_wconf 81' lang='lat'>12.</span> 
     </span>
    </p>
   </div>
   <div class='ocr_carea' id='block_1_5' title="bbox 174 3035 1160 4263">
    <p class='ocr_par' dir='ltr' id='par_1_5' title="bbox 174 3035 1160 4263">
     <span class='ocr_line' id='line_1_20' title="bbox 175 3035 777 3119; baseline 0.012 -22"><span class='ocrx_word' id='word_1_126' title='bbox 175 3035 307 3098; x_wconf 88' lang='lat' dir='ltr'>Peccavi</span> <span class='ocrx_word' id='word_1_127' title='bbox 328 3037 363 3098; x_wconf 93' lang='lat' dir='ltr'>in</span> <span class='ocrx_word' id='word_1_128' title='bbox 386 3037 513 3115; x_wconf 89' lang='lat' dir='ltr'>coelum,</span> <span class='ocrx_word' id='word_1_129' title='bbox 537 3046 570 3102; x_wconf 90' lang='lat' dir='ltr'>ct</span> <span class='ocrx_word' id='word_1_130' title='bbox 592 3060 699 3105; x_wconf 91' lang='lat' dir='ltr'>coram</span> <span class='ocrx_word' id='word_1_131' title='bbox 720 3042 777 3119; x_wconf 78' lang='lat' dir='ltr'>Pe,</span> 
     </span>
     <span class='ocr_line' id='line_1_21' title="bbox 346 3165 1160 3253; baseline 0.01 -27"><span class='ocrx_word' id='word_1_132' title='bbox 346 3184 406 3227; x_wconf 90' lang='lat' dir='ltr'>nec</span> <span class='ocrx_word' id='word_1_133' title='bbox 429 3186 499 3228; x_wconf 88' lang='lat' dir='ltr'>sum</span> <span class='ocrx_word' id='word_1_134' title='bbox 523 3165 640 3253; x_wconf 84' lang='lat' dir='ltr'>diguus</span> <span class='ocrx_word' id='word_1_135' title='bbox 662 3167 767 3231; x_wconf 87' lang='lat' dir='ltr'>vocari</span> <span class='ocrx_word' id='word_1_136' title='bbox 789 3168 887 3248; x_wconf 85' lang='lat' dir='ltr'>filius,</span> <span class='ocrx_word' id='word_1_137' title='bbox 934 3170 1011 3235; x_wconf 76' lang='lat' dir='ltr'>Luc</span> <span class='ocrx_word' id='word_1_138' title='bbox 1034 3193 1084 3234; x_wconf 84' lang='lat' dir='ltr'>rr.</span> <span class='ocrx_word' id='word_1_139' title='bbox 1109 3171 1160 3234; x_wconf 91' lang='grc'>19.</span> 
     </span>
     <span class='ocr_line' id='line_1_22' title="bbox 260 3291 893 3375; baseline 0.014 -24"><span class='ocrx_word' id='word_1_140' title='bbox 260 3309 320 3353; x_wconf 90' lang='lat' dir='ltr'>nec</span> <span class='ocrx_word' id='word_1_141' title='bbox 342 3311 414 3354; x_wconf 89' lang='lat' dir='ltr'>sum</span> <span class='ocrx_word' id='word_1_142' title='bbox 437 3291 554 3375; x_wconf 84' lang='lat' dir='ltr'>dignus</span> <span class='ocrx_word' id='word_1_143' title='bbox 576 3293 645 3357; x_wconf 87' lang='lat' dir='ltr'>fieri</span> <span class='ocrx_word' id='word_1_144' title='bbox 667 3296 893 3375; x_wconf 88' lang='lat' dir='ltr'>mercenarius,</span> 
     </span>
     <span class='ocr_line' id='line_1_23' title="bbox 389 3418 743 3503; baseline 0.014 -24"><span class='ocrx_word' id='word_1_145' title='bbox 389 3438 431 3480; x_wconf 90' lang='lat' dir='ltr'>ne</span> <span class='ocrx_word' id='word_1_146' title='bbox 452 3418 582 3482; x_wconf 89' lang='lat' dir='ltr'>infimus</span> <span class='ocrx_word' id='word_1_147' title='bbox 605 3420 743 3503; x_wconf 89' lang='lat' dir='ltr'>quidem.</span> 
     </span>
     <span class='ocr_line' id='line_1_24' title="bbox 174 3541 797 3632; baseline 0.014 -29"><span class='ocrx_word' id='word_1_148' title='bbox 174 3541 297 3604; x_wconf 90' lang='lat' dir='ltr'>Verum</span> <span class='ocrx_word' id='word_1_149' title='bbox 319 3543 466 3624; x_wconf 90' lang='lat' dir='ltr'>poenitet.</span> <span class='ocrx_word' id='word_1_150' title='bbox 513 3545 609 3610; x_wconf 91' lang='lat' dir='ltr'>Heu!</span> <span class='ocrx_word' id='word_1_151' title='bbox 640 3549 797 3632; x_wconf 83' lang='lat' dir='ltr'>poenitet3</span> 
     </span>
     <span class='ocr_line' id='line_1_25' title="bbox 174 3667 1096 3755; baseline 0.011 -26"><span class='ocrx_word' id='word_1_152' title='bbox 174 3667 302 3750; x_wconf 83' lang='lat' dir='ltr'>Adjuva</span> <span class='ocrx_word' id='word_1_153' title='bbox 322 3669 372 3732; x_wconf 81' lang='grc' dir='ltr'>Τιι</span> <span class='ocrx_word' id='word_1_154' title='bbox 392 3670 664 3755; x_wconf 67' lang='lat' dir='ltr'>impoenitentiam</span> <span class='ocrx_word' id='word_1_155' title='bbox 686 3697 803 3754; x_wconf 91' lang='lat' dir='ltr'>meam,</span> <span class='ocrx_word' id='word_1_156' title='bbox 847 3677 955 3741; x_wconf 82' lang='lat' dir='ltr'>Marc.</span> <span class='ocrx_word' id='word_1_157' title='bbox 977 3676 1020 3741; x_wconf 86' lang='lat' dir='ltr'>ix.</span> <span class='ocrx_word' id='word_1_158' title='bbox 1043 3680 1096 3741; x_wconf 79' lang='lat'>24.</span> 
     </span>
     <span class='ocr_line' id='line_1_26' title="bbox 218 3795 1031 3879; baseline 0.011 -24"><span class='ocrx_word' id='word_1_159' title='bbox 218 3795 261 3856; x_wconf 85' lang='lat' dir='ltr'>Et</span> <span class='ocrx_word' id='word_1_160' title='bbox 284 3795 418 3878; x_wconf 86' lang='lat' dir='ltr'>siquod</span> <span class='ocrx_word' id='word_1_161' title='bbox 441 3798 592 3862; x_wconf 91' lang='lat' dir='ltr'>solatium</span> <span class='ocrx_word' id='word_1_162' title='bbox 614 3801 789 3879; x_wconf 85' lang='lat' dir='ltr'>charitatis,</span> <span class='ocrx_word' id='word_1_163' title='bbox 836 3803 921 3866; x_wconf 76' lang='lat' dir='ltr'>Phil.</span> <span class='ocrx_word' id='word_1_164' title='bbox 945 3803 978 3864; x_wconf 89' lang='lat' dir='ltr'>ii.</span> <span class='ocrx_word' id='word_1_165' title='bbox 1003 3803 1031 3864; x_wconf 91' lang='lat'>1.</span> 
     </span>
     <span class='ocr_line' id='line_1_27' title="bbox 220 3922 1047 4012; baseline 0.008 -28"><span class='ocrx_word' id='word_1_166' title='bbox 220 3922 355 4004; x_wconf 88' lang='lat' dir='ltr'>Propter</span> <span class='ocrx_word' id='word_1_167' title='bbox 376 3925 497 3988; x_wconf 85' lang='lat' dir='ltr'>viscera</span> <span class='ocrx_word' id='word_1_168' title='bbox 519 3927 770 4006; x_wconf 88' lang='lat' dir='ltr'>miserationum,</span> <span class='ocrx_word' id='word_1_169' title='bbox 821 3930 911 4012; x_wconf 84' lang='lat' dir='ltr'>[Lac.</span> <span class='ocrx_word' id='word_1_170' title='bbox 933 3929 955 3992; x_wconf 91' lang='lat' dir='ltr'>i.</span> <span class='ocrx_word' id='word_1_171' title='bbox 980 3929 1047 4011; x_wconf 86' lang='lat'><strong>78.]</strong></span> 
     </span>
     <span class='ocr_line' id='line_1_28' title="bbox 220 4047 904 4137; baseline 0.012 -29"><span class='ocrx_word' id='word_1_172' title='bbox 220 4047 355 4130; x_wconf 88' lang='lat' dir='ltr'>Propter</span> <span class='ocrx_word' id='word_1_173' title='bbox 376 4051 630 4131; x_wconf 90' lang='lat' dir='ltr'>multitudinem,</span> <span class='ocrx_word' id='word_1_174' title='bbox 678 4051 777 4137; x_wconf 76' lang='lat' dir='ltr'>[Psoi.</span> <span class='ocrx_word' id='word_1_175' title='bbox 799 4054 833 4117; x_wconf 91' lang='lat' dir='ltr'>li.</span> <span class='ocrx_word' id='word_1_176' title='bbox 859 4054 904 4136; x_wconf 93' lang='grc'>1.]</span> 
     </span>
     <span class='ocr_line' id='line_1_29' title="bbox 218 4175 979 4263; baseline 0.013 -27"><span class='ocrx_word' id='word_1_177' title='bbox 218 4175 353 4257; x_wconf 89' lang='lat' dir='ltr'>Propter</span> <span class='ocrx_word' id='word_1_178' title='bbox 375 4177 502 4242; x_wconf 76' lang='lat' dir='ltr'>divitias</span> <span class='ocrx_word' id='word_1_179' title='bbox 525 4180 636 4263; x_wconf 75' lang='lat' dir='ltr'>gratia</span> <span class='ocrx_word' id='word_1_180' title='bbox 660 4181 747 4259; x_wconf 71' lang='grc' dir='ltr'>Τιιω,</span> <span class='ocrx_word' id='word_1_181' title='bbox 793 4182 877 4262; x_wconf 74' lang='lat' dir='ltr'>Epir.</span> <span class='ocrx_word' id='word_1_182' title='bbox 899 4182 922 4245; x_wconf 90' lang='lat' dir='ltr'>i.</span> <span class='ocrx_word' id='word_1_183' title='bbox 947 4187 979 4247; x_wconf 85' lang='grc'>7.</span> 
     </span>
    </p>
   </div>
   <div class='ocr_carea' id='block_1_6' title="bbox 0 0 1466 5002">
    <p class='ocr_par' dir='ltr' id='par_1_6' title="bbox 0 0 1466 5002">
     <span class='ocr_line' id='line_1_30' title="bbox 0 0 1466 5002; baseline 0 0"><span class='ocrx_word' id='word_1_184' title='bbox 0 0 1466 5002; x_wconf 95' lang='lat' dir='ltr'> </span> 
     </span>
    </p>
   </div>
  </div>
 </body>
</html>
