<?xml version="1.0" encoding="UTF-8"?>
<!DOCTYPE html PUBLIC "-//W3C//DTD XHTML 1.0 Transitional//EN"
    "http://www.w3.org/TR/xhtml1/DTD/xhtml1-transitional.dtd">
<html xmlns="http://www.w3.org/1999/xhtml" xml:lang="en" lang="en">
 <head>
  <title>
</title>
<meta http-equiv="Content-Type" content="text/html;charset=utf-8" />
  <meta name='ocr-system' content='tesseract 3.04.00' />
  <meta name='ocr-capabilities' content='ocr_page ocr_carea ocr_par ocr_line ocrx_word'/>
</head>
<body>
  <div class='ocr_page' id='page_1' title='image "./precesprivataeq00andrgoog_0364.png"; bbox 0 0 2910 5002; ppageno 0'>
   <div class='ocr_carea' id='block_1_1' title="bbox 436 416 1224 526">
    <p class='ocr_par' dir='ltr' id='par_1_1' title="bbox 436 416 1224 526">
     <span class='ocr_line' id='line_1_1' title="bbox 436 416 1224 526; baseline 0 -4"><span class='ocrx_word' id='word_1_1' title='bbox 436 416 607 524; x_wconf 75' lang='lat' dir='ltr'><strong>pauens</strong></span> <span class='ocrx_word' id='word_1_2' title='bbox 630 454 953 526; x_wconf 73' lang='lat' dir='ltr'><strong>ouommnun.</strong></span> <span class='ocrx_word' id='word_1_3' title='bbox 1162 456 1224 523; x_wconf 76' lang='lat' dir='ltr'><strong>sn</strong></span> 
     </span>
    </p>
   </div>
   <div class='ocr_carea' id='block_1_2' title="bbox 168 625 893 946">
    <p class='ocr_par' dir='ltr' id='par_1_2' title="bbox 168 625 893 946">
     <span class='ocr_line' id='line_1_2' title="bbox 168 625 890 711; baseline -0.003 -17"><span class='ocrx_word' id='word_1_4' title='bbox 168 627 233 694; x_wconf 78' lang='lat' dir='ltr'><strong>Qui</strong></span> <span class='ocrx_word' id='word_1_5' title='bbox 255 646 323 692; x_wconf 89' lang='lat' dir='ltr'><strong>sese</strong></span> <span class='ocrx_word' id='word_1_6' title='bbox 343 625 497 711; x_wconf 79' lang='lat' dir='ltr'>perditori</span> <span class='ocrx_word' id='word_1_7' title='bbox 519 626 654 710; x_wconf 86' lang='lat' dir='ltr'><strong>opponit</strong></span> <span class='ocrx_word' id='word_1_8' title='bbox 678 626 890 707; x_wconf 83' lang='lat' dir='ltr'><strong>Servatorem,</strong></span> 
     </span>
     <span class='ocr_line' id='line_1_3' title="bbox 339 751 893 832; baseline -0.002 -13"><span class='ocrx_word' id='word_1_9' title='bbox 339 751 509 832; x_wconf 86' lang='lat' dir='ltr'><strong>Abaddon,</strong></span> <span class='ocrx_word' id='word_1_10' title='bbox 775 754 796 818; x_wconf 84' lang='lat' dir='ltr'>J</span> <span class='ocrx_word' id='word_1_11' title='bbox 799 768 893 818; x_wconf 72' lang='lat' dir='ltr'><strong>molt.</strong></span> 
     </span>
     <span class='ocr_line' id='line_1_4' title="bbox 341 882 470 946; baseline 0 -1"><span class='ocrx_word' id='word_1_12' title='bbox 341 882 470 946; x_wconf 81' lang='lat' dir='ltr'><strong>Satanae</strong></span> 
     </span>
    </p>
   </div>
   <div class='ocr_carea' id='block_1_3' title="bbox 341 900 999 1076">
    <p class='ocr_par' dir='ltr' id='par_1_3' title="bbox 341 900 999 1076">
     <span class='ocr_line' id='line_1_5' title="bbox 341 900 999 1076; baseline -0.002 -58"><span class='ocrx_word' id='word_1_13' title='bbox 341 1011 535 1076; x_wconf 48' lang='lat' dir='ltr'>Adversum</span> <span class='ocrx_word' id='word_1_14' title='bbox 603 900 637 1076; x_wconf 62' lang='lat'>}</span> <span class='ocrx_word' id='word_1_15' title='bbox 775 951 999 1018; x_wconf 88' lang='lat' dir='ltr'><strong>Mediatorem.</strong></span> 
     </span>
    </p>
   </div>
   <div class='ocr_carea' id='block_1_4' title="bbox 772 1204 984 1271">
    <p class='ocr_par' dir='ltr' id='par_1_4' title="bbox 772 1204 984 1271">
     <span class='ocr_line' id='line_1_6' title="bbox 772 1204 984 1271; baseline 0 -2"><span class='ocrx_word' id='word_1_16' title='bbox 772 1204 984 1271; x_wconf 82' lang='lat' dir='ltr'><strong>Advoeatum.</strong></span> 
     </span>
    </p>
   </div>
   <div class='ocr_carea' id='block_1_5' title="bbox 309 1130 635 1330">
    <p class='ocr_par' dir='ltr' id='par_1_5' title="bbox 309 1130 635 1330">
     <span class='ocr_line' id='line_1_7' title="bbox 309 1130 635 1330; baseline 0 -128"><span class='ocrx_word' id='word_1_17' title='bbox 309 1130 316 1138; x_wconf 74' lang='grc'><strong>’</strong></span> <span class='ocrx_word' id='word_1_18' title='bbox 339 1137 477 1203; x_wconf 88' lang='lat' dir='ltr'><strong>Diabolo</strong></span> <span class='ocrx_word' id='word_1_19' title='bbox 602 1157 635 1330; x_wconf 68' lang='lat'>}</span> 
     </span>
    </p>
   </div>
   <div class='ocr_carea' id='block_1_6' title="bbox 101 1267 1226 4418">
    <p class='ocr_par' dir='ltr' id='par_1_6' title="bbox 101 1267 1226 4418">
     <span class='ocr_line' id='line_1_8' title="bbox 341 1267 574 1332; baseline -0.009 0"><span class='ocrx_word' id='word_1_20' title='bbox 341 1267 574 1332; x_wconf 75' lang='lat' dir='ltr'><strong>calumniatori</strong></span> 
     </span>
     <span class='ocr_line' id='line_1_9' title="bbox 341 1395 1036 1460; baseline -0.004 0"><span class='ocrx_word' id='word_1_21' title='bbox 341 1395 530 1460; x_wconf 80' lang='lat' dir='ltr'><strong>Accusatori</strong></span> <span class='ocrx_word' id='word_1_22' title='bbox 777 1395 1036 1459; x_wconf 83' lang='lat' dir='ltr'><strong>Intercessorem.</strong></span> 
     </span>
     <span class='ocr_line' id='line_1_10' title="bbox 341 1521 1031 1607; baseline 0 -21"><span class='ocrx_word' id='word_1_23' title='bbox 341 1522 492 1607; x_wconf 76' lang='lat' dir='ltr'><strong>Captivos</strong></span> <span class='ocrx_word' id='word_1_24' title='bbox 514 1538 574 1586; x_wconf 92' lang='lat' dir='ltr'><strong>nos</strong></span> <span class='ocrx_word' id='word_1_25' title='bbox 596 1521 728 1586; x_wconf 81' lang='lat' dir='ltr'><strong>ducenti</strong></span> <span class='ocrx_word' id='word_1_26' title='bbox 774 1521 1031 1606; x_wconf 79' lang='lat' dir='ltr'><strong>Redemptorem.</strong></span> 
     </span>
     <span class='ocr_line' id='line_1_11' title="bbox 101 1648 1140 1735; baseline 0.005 -27"><span class='ocrx_word' id='word_1_27' title='bbox 101 1701 105 1708; x_wconf 95' lang='lat'>.</span> <span class='ocrx_word' id='word_1_28' title='bbox 169 1649 217 1712; x_wconf 90' lang='lat' dir='ltr'><strong>Ut</strong></span> <span class='ocrx_word' id='word_1_29' title='bbox 240 1649 316 1732; x_wconf 89' lang='lat' dir='ltr'><strong>Ipse</strong></span> <span class='ocrx_word' id='word_1_30' title='bbox 338 1648 486 1713; x_wconf 85' lang='lat' dir='ltr'><strong>Christus</strong></span> <span class='ocrx_word' id='word_1_31' title='bbox 507 1648 667 1714; x_wconf 81' lang='lat' dir='ltr'><strong>formetur</strong></span> <span class='ocrx_word' id='word_1_32' title='bbox 686 1649 721 1714; x_wconf 89' lang='lat' dir='ltr'><strong>in</strong></span> <span class='ocrx_word' id='word_1_33' title='bbox 742 1648 848 1729; x_wconf 92' lang='lat' dir='ltr'><strong>nobis,</strong></span> <span class='ocrx_word' id='word_1_34' title='bbox 895 1650 981 1735; x_wconf 77' lang='lat' dir='ltr'><strong>[Gar.</strong></span> <span class='ocrx_word' id='word_1_35' title='bbox 1004 1649 1046 1714; x_wconf 84' lang='lat' dir='ltr'><strong>iv.</strong></span> <span class='ocrx_word' id='word_1_36' title='bbox 1072 1649 1140 1732; x_wconf 88' lang='lat'><strong>19.]</strong></span> 
     </span>
     <span class='ocr_line' id='line_1_12' title="bbox 252 1774 1167 1862; baseline 0.002 -24"><span class='ocrx_word' id='word_1_37' title='bbox 252 1774 366 1839; x_wconf 90' lang='lat' dir='ltr'><strong>fiamus</strong></span> <span class='ocrx_word' id='word_1_38' title='bbox 387 1776 568 1842; x_wconf 76' lang='lat' dir='ltr'><strong>conformes</strong></span> <span class='ocrx_word' id='word_1_39' title='bbox 589 1776 724 1860; x_wconf 75' lang='lat' dir='ltr'><strong>imagini</strong></span> <span class='ocrx_word' id='word_1_40' title='bbox 746 1777 838 1862; x_wconf 87' lang='lat' dir='ltr'><strong>Ejus.</strong></span> <span class='ocrx_word' id='word_1_41' title='bbox 885 1776 988 1862; x_wconf 82' lang='lat' dir='ltr'><strong>[Rom.</strong></span> <span class='ocrx_word' id='word_1_42' title='bbox 1012 1775 1076 1840; x_wconf 81' lang='lat' dir='ltr'><strong>viii.</strong></span> <span class='ocrx_word' id='word_1_43' title='bbox 1099 1775 1167 1858; x_wconf 79' lang='lat'><strong>29.]</strong></span> 
     </span>
     <span class='ocr_line' id='line_1_13' title="bbox 168 1905 740 1989; baseline -0.003 -17"><span class='ocrx_word' id='word_1_44' title='bbox 168 1908 251 1972; x_wconf 87' lang='lat' dir='ltr'><strong>Cum</strong></span> <span class='ocrx_word' id='word_1_45' title='bbox 272 1905 409 1989; x_wconf 80' lang='lat' dir='ltr'><strong>frigidus</strong></span> <span class='ocrx_word' id='word_1_46' title='bbox 432 1927 504 1970; x_wconf 91' lang='lat' dir='ltr'><strong>sum</strong></span> <span class='ocrx_word' id='word_1_47' title='bbox 525 1906 561 1970; x_wconf 92' lang='lat' dir='ltr'><strong>in</strong></span> <span class='ocrx_word' id='word_1_48' title='bbox 583 1906 740 1985; x_wconf 88' lang='lat' dir='ltr'><strong>oratione,</strong></span> 
     </span>
     <span class='ocr_line' id='line_1_14' title="bbox 253 2034 739 2120; baseline -0.002 -21"><span class='ocrx_word' id='word_1_49' title='bbox 253 2041 287 2099; x_wconf 93' lang='lat' dir='ltr'><strong>et</strong></span> <span class='ocrx_word' id='word_1_50' title='bbox 307 2034 437 2119; x_wconf 86' lang='lat' dir='ltr'><strong>indigeo</strong></span> <span class='ocrx_word' id='word_1_51' title='bbox 459 2035 571 2118; x_wconf 82' lang='lat' dir='ltr'><strong>gratiae</strong></span> <span class='ocrx_word' id='word_1_52' title='bbox 594 2035 739 2120; x_wconf 84' lang='lat' dir='ltr'><strong>alicujus,</strong></span> 
     </span>
     <span class='ocr_line' id='line_1_15' title="bbox 297 2163 769 2242; baseline 0.002 -15"><span class='ocrx_word' id='word_1_53' title='bbox 297 2163 348 2227; x_wconf 88' lang='lat' dir='ltr'><strong>vel</strong></span> <span class='ocrx_word' id='word_1_54' title='bbox 370 2164 598 2229; x_wconf 79' lang='lat' dir='ltr'><strong>consolationis</strong></span> <span class='ocrx_word' id='word_1_55' title='bbox 620 2163 769 2242; x_wconf 87' lang='lat' dir='ltr'><strong>eoelestis,</strong></span> 
     </span>
     <span class='ocr_line' id='line_1_16' title="bbox 168 2291 649 2359; baseline 0.004 -2"><span class='ocrx_word' id='word_1_56' title='bbox 168 2291 358 2357; x_wconf 80' lang='lat' dir='ltr'><strong>Meminisse</strong></span> <span class='ocrx_word' id='word_1_57' title='bbox 381 2291 551 2358; x_wconf 79' lang='lat' dir='ltr'><strong>cathedrae</strong></span> <span class='ocrx_word' id='word_1_58' title='bbox 571 2292 649 2359; x_wconf 71' lang='lat' dir='ltr'>&#39;1¹11ae</span> 
     </span>
     <span class='ocr_line' id='line_1_17' title="bbox 298 2418 833 2502; baseline 0.004 -21"><span class='ocrx_word' id='word_1_59' title='bbox 298 2418 507 2502; x_wconf 77' lang='lat' dir='ltr'><strong>apparitionis</strong></span> <span class='ocrx_word' id='word_1_60' title='bbox 529 2427 562 2484; x_wconf 89' lang='lat' dir='ltr'><strong>et</strong></span> <span class='ocrx_word' id='word_1_61' title='bbox 584 2419 833 2486; x_wconf 75' lang='lat' dir='ltr'><strong>intercessionis.</strong></span> 
     </span>
     <span class='ocr_line' id='line_1_18' title="bbox 169 2544 709 2615; baseline 0.006 -3"><span class='ocrx_word' id='word_1_62' title='bbox 169 2547 252 2612; x_wconf 82' lang='lat' dir='ltr'><strong>Cum</strong></span> <span class='ocrx_word' id='word_1_63' title='bbox 275 2544 417 2612; x_wconf 74' lang='lat' dir='ltr'><strong>fervidus</strong></span> <span class='ocrx_word' id='word_1_64' title='bbox 439 2567 512 2612; x_wconf 89' lang='lat' dir='ltr'><strong>snm</strong></span> <span class='ocrx_word' id='word_1_65' title='bbox 534 2548 569 2612; x_wconf 96' lang='lat' dir='ltr'><strong>in</strong></span> <span class='ocrx_word' id='word_1_66' title='bbox 591 2549 709 2615; x_wconf 84' lang='lat' dir='ltr'><strong>affeetu</strong></span> 
     </span>
     <span class='ocr_line' id='line_1_19' title="bbox 298 2677 728 2761; baseline 0.005 -21"><span class='ocrx_word' id='word_1_67' title='bbox 298 2683 331 2740; x_wconf 90' lang='lat' dir='ltr'><strong>et</strong></span> <span class='ocrx_word' id='word_1_68' title='bbox 354 2677 614 2761; x_wconf 80' lang='lat' dir='ltr'><strong>eoncupiscentia</strong></span> <span class='ocrx_word' id='word_1_69' title='bbox 633 2679 728 2757; x_wconf 78' lang='lat' dir='ltr'><strong>mals,</strong></span> 
     </span>
     <span class='ocr_line' id='line_1_20' title="bbox 168 2803 779 2888; baseline 0.003 -20"><span class='ocrx_word' id='word_1_70' title='bbox 168 2803 347 2888; x_wconf 80' lang='lat' dir='ltr'><strong>Nunquam</strong></span> <span class='ocrx_word' id='word_1_71' title='bbox 370 2804 513 2870; x_wconf 84' lang='lat' dir='ltr'><strong>oblivisci</strong></span> <span class='ocrx_word' id='word_1_72' title='bbox 535 2805 696 2870; x_wconf 87' lang='lat' dir='ltr'><strong>tremendi</strong></span> <span class='ocrx_word' id='word_1_73' title='bbox 717 2804 779 2870; x_wconf 75' lang='lat' dir='ltr'><strong>uui</strong></span> 
     </span>
     <span class='ocr_line' id='line_1_21' title="bbox 297 2931 707 2998; baseline 0.002 -3"><span class='ocrx_word' id='word_1_74' title='bbox 297 2938 331 2996; x_wconf 91' lang='lat' dir='ltr'><strong>et</strong></span> <span class='ocrx_word' id='word_1_75' title='bbox 352 2931 504 2997; x_wconf 89' lang='lat' dir='ltr'><strong>horrendi</strong></span> <span class='ocrx_word' id='word_1_76' title='bbox 525 2931 707 2998; x_wconf 87' lang='lat' dir='ltr'><strong>tribunalis.</strong></span> 
     </span>
     <span class='ocr_line' id='line_1_22' title="bbox 169 3058 709 3124; baseline 0.004 -3"><span class='ocrx_word' id='word_1_77' title='bbox 169 3059 212 3122; x_wconf 85' lang='lat' dir='ltr'><strong>Et</strong></span> <span class='ocrx_word' id='word_1_78' title='bbox 234 3058 454 3124; x_wconf 83' lang='lat' dir='ltr'><strong>indesinenter</strong></span> <span class='ocrx_word' id='word_1_79' title='bbox 476 3059 607 3124; x_wconf 84' lang='lat' dir='ltr'><strong>auribus</strong></span> <span class='ocrx_word' id='word_1_80' title='bbox 627 3059 709 3124; x_wconf 90' lang='lat' dir='ltr'><strong>meis</strong></span> 
     </span>
     <span class='ocr_line' id='line_1_23' title="bbox 299 3186 849 3253; baseline 0.005 -3"><span class='ocrx_word' id='word_1_81' title='bbox 299 3186 446 3252; x_wconf 90' lang='lat' dir='ltr'><strong>insonare</strong></span> <span class='ocrx_word' id='word_1_82' title='bbox 469 3206 584 3252; x_wconf 90' lang='lat' dir='ltr'><strong>sonum</strong></span> <span class='ocrx_word' id='word_1_83' title='bbox 606 3186 695 3253; x_wconf 85' lang='lat' dir='ltr'><strong>tubae</strong></span> <span class='ocrx_word' id='word_1_84' title='bbox 715 3187 849 3253; x_wconf 72' lang='lat' dir='ltr'><strong>ultima</strong></span> 
     </span>
     <span class='ocr_line' id='line_1_24' title="bbox 170 3310 697 3397; baseline 0.009 -22"><span class='ocrx_word' id='word_1_85' title='bbox 170 3310 218 3376; x_wconf 88' lang='lat' dir='ltr'><strong>Ut</strong></span> <span class='ocrx_word' id='word_1_86' title='bbox 240 3320 371 3397; x_wconf 83' lang='lat' dir='ltr'><strong>propter</strong></span> <span class='ocrx_word' id='word_1_87' title='bbox 392 3313 557 3379; x_wconf 85' lang='lat' dir='ltr'><strong>Christum</strong></span> <span class='ocrx_word' id='word_1_88' title='bbox 579 3315 697 3394; x_wconf 61' lang='lat' dir='ltr'><strong>Tuum,</strong></span> 
     </span>
     <span class='ocr_line' id='line_1_25' title="bbox 298 3440 673 3524; baseline 0.005 -20"><span class='ocrx_word' id='word_1_89' title='bbox 298 3461 319 3504; x_wconf 87' lang='lat' dir='ltr'><strong>a</strong></span> <span class='ocrx_word' id='word_1_90' title='bbox 339 3440 395 3520; x_wconf 76' lang='lat' dir='ltr'><strong>Te,</strong></span> <span class='ocrx_word' id='word_1_91' title='bbox 418 3440 517 3504; x_wconf 83' lang='lat' dir='ltr'><strong>Pater</strong></span> <span class='ocrx_word' id='word_1_92' title='bbox 535 3460 673 3524; x_wconf 83' lang='lat' dir='ltr'><strong>ungens,</strong></span> 
     </span>
     <span class='ocr_line' id='line_1_26' title="bbox 213 3564 1051 3652; baseline 0 -22"><span class='ocrx_word' id='word_1_93' title='bbox 213 3564 404 3649; x_wconf 82' lang='lat' dir='ltr'><strong>accipiamus</strong></span> <span class='ocrx_word' id='word_1_94' title='bbox 426 3564 613 3630; x_wconf 84' lang='lat' dir='ltr'><strong>unctionem</strong></span> <span class='ocrx_word' id='word_1_95' title='bbox 634 3567 747 3640; x_wconf 75' lang='lat' dir='ltr'><strong>Tuom,</strong></span> <span class='ocrx_word' id='word_1_96' title='bbox 794 3565 827 3650; x_wconf 89' lang='lat'><strong>[1</strong></span> <span class='ocrx_word' id='word_1_97' title='bbox 851 3566 903 3632; x_wconf 83' lang='lat' dir='ltr'><strong>Jo.</strong></span> <span class='ocrx_word' id='word_1_98' title='bbox 926 3565 960 3630; x_wconf 77' lang='lat' dir='ltr'><strong>ii</strong></span> <span class='ocrx_word' id='word_1_99' title='bbox 983 3565 1051 3652; x_wconf 62' lang='lat'><strong>20]</strong></span> 
     </span>
     <span class='ocr_line' id='line_1_27' title="bbox 255 3692 867 3779; baseline 0 -21"><span class='ocrx_word' id='word_1_100' title='bbox 255 3692 392 3778; x_wconf 81' lang='lat' dir='ltr'><strong>gratiam</strong></span> <span class='ocrx_word' id='word_1_101' title='bbox 415 3693 621 3774; x_wconf 76' lang='lat' dir='ltr'><strong>salutiferam,</strong></span> <span class='ocrx_word' id='word_1_102' title='bbox 863 3772 867 3779; x_wconf 24' lang='grc' dir='ltr'>Ι</span> 
     </span>
     <span class='ocr_line' id='line_1_28' title="bbox 300 3817 1226 3903; baseline 0.001 -21"><span class='ocrx_word' id='word_1_103' title='bbox 300 3818 439 3903; x_wconf 86' lang='lat' dir='ltr'><strong>Spiritus</strong></span> <span class='ocrx_word' id='word_1_104' title='bbox 448 3818 560 3883; x_wconf 82' lang='lat' dir='ltr'><strong>Sancti</strong></span> <span class='ocrx_word' id='word_1_105' title='bbox 570 3817 733 3883; x_wconf 85' lang='lat' dir='ltr'><strong>ineffabile</strong></span> <span class='ocrx_word' id='word_1_106' title='bbox 741 3819 848 3883; x_wconf 71' lang='lat' dir='ltr'><strong>&#39;l&#39;uum</strong></span> <span class='ocrx_word' id='word_1_107' title='bbox 857 3817 1028 3903; x_wconf 80' lang='lat' dir='ltr'><strong>donum,[2</strong></span> <span class='ocrx_word' id='word_1_108' title='bbox 1038 3817 1226 3903; x_wconf 83' lang='lat' dir='ltr'><strong>Cor.ix.15.]</strong></span> 
     </span>
     <span class='ocr_line' id='line_1_29' title="bbox 453 3946 1150 4033; baseline 0 -21"><span class='ocrx_word' id='word_1_109' title='bbox 453 3949 586 4014; x_wconf 85' lang='lat' dir='ltr'><strong>salutari</strong></span> <span class='ocrx_word' id='word_1_110' title='bbox 608 3947 867 4033; x_wconf 82' lang='lat' dir='ltr'><strong>compunctione,</strong></span> <span class='ocrx_word' id='word_1_111' title='bbox 914 3946 1001 4031; x_wconf 83' lang='lat' dir='ltr'><strong>[Act.</strong></span> <span class='ocrx_word' id='word_1_112' title='bbox 1024 3947 1058 4010; x_wconf 93' lang='lat' dir='ltr'><strong>ii.</strong></span> <span class='ocrx_word' id='word_1_113' title='bbox 1081 3947 1150 4032; x_wconf 61' lang='lat'><strong>32]</strong></span> 
     </span>
     <span class='ocr_line' id='line_1_30' title="bbox 347 4073 1036 4160; baseline -0.007 -19"><span class='ocrx_word' id='word_1_114' title='bbox 347 4142 354 4155; x_wconf 75' lang='grc'><strong>,</strong></span> <span class='ocrx_word' id='word_1_115' title='bbox 448 4075 572 4160; x_wconf 86' lang='lat' dir='ltr'><strong>liquida</strong></span> <span class='ocrx_word' id='word_1_116' title='bbox 592 4075 735 4155; x_wconf 86' lang='lat' dir='ltr'><strong>seientia,</strong></span> <span class='ocrx_word' id='word_1_117' title='bbox 781 4073 815 4159; x_wconf 82' lang='lat'><strong>[2</strong></span> <span class='ocrx_word' id='word_1_118' title='bbox 840 4075 909 4138; x_wconf 82' lang='lat' dir='ltr'><strong>Gor.</strong></span> <span class='ocrx_word' id='word_1_119' title='bbox 932 4073 965 4137; x_wconf 89' lang='lat' dir='ltr'><strong>ii.</strong></span> <span class='ocrx_word' id='word_1_120' title='bbox 989 4073 1036 4158; x_wconf 90' lang='lat'><strong>6.]</strong></span> 
     </span>
     <span class='ocr_line' id='line_1_31' title="bbox 344 4162 1027 4290; baseline -0.009 -17"><span class='ocrx_word' id='word_1_121' title='bbox 344 4162 380 4205; x_wconf 75' lang='lat' dir='ltr'><strong>m</strong></span> <span class='ocrx_word' id='word_1_122' title='bbox 452 4207 573 4272; x_wconf 80' lang='lat' dir='ltr'><strong>fervido</strong></span> <span class='ocrx_word' id='word_1_123' title='bbox 594 4207 750 4286; x_wconf 87' lang='lat' dir='ltr'><strong>oratione,</strong></span> <span class='ocrx_word' id='word_1_124' title='bbox 796 4205 880 4290; x_wconf 79' lang='lat' dir='ltr'><strong>[Joc.</strong></span> <span class='ocrx_word' id='word_1_125' title='bbox 903 4225 932 4267; x_wconf 81' lang='lat' dir='ltr'><strong>v.</strong></span> <span class='ocrx_word' id='word_1_126' title='bbox 958 4201 1027 4290; x_wconf 87' lang='lat'><strong>16.]</strong></span> 
     </span>
     <span class='ocr_line' id='line_1_32' title="bbox 454 4331 1093 4418; baseline -0.008 -18"><span class='ocrx_word' id='word_1_127' title='bbox 454 4335 624 4400; x_wconf 85' lang='lat' dir='ltr'><strong>diffusione</strong></span> <span class='ocrx_word' id='word_1_128' title='bbox 645 4335 820 4412; x_wconf 85' lang='lat' dir='ltr'><strong>eharitatis,</strong></span> <span class='ocrx_word' id='word_1_129' title='bbox 867 4333 971 4418; x_wconf 80' lang='lat' dir='ltr'><strong>[Rom.</strong></span> <span class='ocrx_word' id='word_1_130' title='bbox 995 4356 1023 4397; x_wconf 85' lang='lat' dir='ltr'><strong>v.</strong></span> <span class='ocrx_word' id='word_1_131' title='bbox 1048 4331 1093 4415; x_wconf 87' lang='lat'><strong>5.]</strong></span> 
     </span>
    </p>
   </div>
   <div class='ocr_carea' id='block_1_7' title="bbox 0 0 1464 5002">
    <p class='ocr_par' dir='ltr' id='par_1_7' title="bbox 0 0 1464 5002">
     <span class='ocr_line' id='line_1_33' title="bbox 0 0 1464 5002; baseline 0 0"><span class='ocrx_word' id='word_1_132' title='bbox 0 0 1464 5002; x_wconf 95' lang='lat' dir='ltr'><strong> </strong></span> 
     </span>
    </p>
   </div>
  </div>
 </body>
</html>
