2910 5002
465 432 635 496 PRECES
661 432 984 499 QUOTIDIANAE.
1212 438 1254 497 59

284 599 402 685 suinci
423 603 586 684 potestati,

284 751 353 795 non
374 731 477 794 solum
499 738 631 815 propter
651 732 743 811 iram,
767 693 823 797 sed
845 740 879 796 et

327 864 458 943 propter
480 859 727 924 Conscientiam.
766 861 861 923 Rom.
884 860 950 924 xiii.
974 863 1005 924 5.

198 1109 377 1173 Aomooms
400 1116 434 1173 et
455 1109 652 1188 Pastoribus,
676 1109 754 1173 anni
775 1109 986 1188 fertilitatem,

198 1236 377 1302 Classici-iis
398 1244 432 1302 et
453 1237 682 1317 Piscatoribus,
705 1238 881 1302 secundm
902 1237 1165 1321 navigationem

199 1361 447 1445 Mercatoribus,
469 1365 569 1428 alium
592 1365 672 1428 alios
695 1355 762 1429 non
785 1363 1029 1443 circumvenire,

199 1488 398 1568 Artificum,
421 1490 567 1574 legitime
589 1491 713 1573 operari

285 1637 397 1700 operas
418 1638 510 1694 suas;

242 1744 340 1808 etiam
361 1747 526 1829 usquead
549 1755 634 1810 artes
656 1745 809 1824 sordidas,

242 1871 341 1935 etiam
361 1894 465 1956 usque
487 1874 528 1937 ad
550 1872 781 1938 mendicantes.

200 2121 231 2186 0
254 2122 345 2186 Duos
366 2144 433 2187 non
456 2124 560 2187 solum
582 2130 701 2201 noster,

286 2248 399 2313 sedet
421 2249 551 2313 seminis
573 2249 700 2325 nostri;

200 2374 506 2474 Benedicpuerulis
518 2374 646 2439 nostris
668 2374 754 2438 inter
776 2396 846 2454 nos,

242 2510 281 2568 ut
303 2503 386 2567 siout
408 2509 513 2579 aetate,
537 2502 695 2585 sapientia
716 2501 814 2564 etiam

286 2629 466 2715 proficiant,
490 2637 523 2693 et
545 2629 650 2711 gratia

331 2756 416 2839 apud
436 2763 471 2819 te
492 2762 525 2818 et
547 2776 657 2819 omnes
680 2754 836 2819 homines.
881 2755 959 2818 Luc.
982 2754 1016 2818 ii.
1041 2759 1093 2821 52.

202 2999 273 3068 Qui
289 3001 400 3066 curam
420 3008 604 3067 nostrorum
625 3002 674 3066 vis
695 3001 814 3066 habere
836 3022 906 3082 nos,
953 3003 970 3064 l
998 3001 1076 3064 iim.
1100 3022 1128 3063 v.
1153 3002 1184 3062 8.

270 3136 304 3192 et
315 3128 410 3193 odisti
422 3150 476 3194 eos
485 3130 540 3212 qui
552 3130 621 3194 sine
630 3129 798 3194 affectione
806 3127 947 3195 naturali
957 3133 1042 3204 sunt,
1064 3127 1099 3211 [2
1113 3126 1190 3190 dim.
1200 3125 1246 3190 iii.
1257 3126 1303 3210 3.]

202 3258 332 3321 Memor
361 3264 440 3337 esto,
463 3259 613 3335 Domine,
642 3279 789 3324 meorum
819 3257 994 3323 secundum
1024 3276 1155 3322 carnem
1182 3277 1257 3340 pro-

245 3385 439 3468 pinquorum
450 3410 460 3462 3
502 3386 591 3448 Rom.
614 3384 657 3448 ix.
681 3387 713 3449 3.

202 3511 247 3574 Et
269 3510 311 3574 da
332 3511 413 3574 mihi
434 3511 572 3595 pacifice·
584 3511 624 3576 de
646 3513 711 3576 illis
731 3514 831 3598 loqui,

246 3645 279 3702 et
300 3638 428 3703 illorum
449 3638 536 3703 bona
559 3661 710 3725 quaerere.

290 3888 356 3953 Qui
377 3889 426 3952 vis
448 3911 508 3953 nos
530 3891 708 3955 retribuere

374 4014 632 4080 benefactoribus
654 4017 784 4095 nostris,

202 4137 330 4202 Memor
351 4147 422 4204 esto
443 4140 478 4204 in
499 4140 631 4220 bonum,
655 4143 805 4221 Domine,
827 4143 971 4208 omnium

246 4268 301 4349 qui
323 4267 363 4330 dc
386 4288 438 4332 me
459 4267 541 4331 bene
563 4268 671 4332 meriti
693 4276 787 4333 sunt:
