2910 5002
201 411 243 472 38
486 411 622 474 ΕΤΧΑΙ
648 412 983 476 ΚΑΘΗΜΕΡΙΝΑΙ.

287 578 444 645 Ἐνάπιόν
464 606 526 662 μου
548 580 612 646 εἰσὶ
634 580 816 654 διαπαντός·

243 704 492 788 Ἀναλογίζομαι
513 704 595 772 αὐτὰ
616 708 651 773 ἐν
671 709 788 797 πικρίᾳ
809 712 865 790 τῆς
888 711 1002 795 ψυχῆς
1022 734 1094 791 μου,

244 833 401 918 Μεριμνῶ
423 831 504 918 ὑπὲρ
527 831 639 907 αὐτῶν,

245 960 487 1047 Ἀποστραφείς
511 961 658 1040 στενάζω,

241 1086 437 1170 Ἀγανωπῶ,

241 1217 388 1292 Ἐκδικῶ,

242 1346 459 1434 Προσοχθίζω
482 1346 532 1412 ἐπ’
557 1346 701 1430 ἐμαυτὸν,

241 1474 393 1554 Φαυλίζω
416 1476 470 1540 καὶ
491 1473 668 1555 ὑπωπιάζω
691 1475 825 1557 ἐμαυτὸν
847 1475 948 1546 αὑτός.

319 1603 401 1668 Ὅτι
423 1602 460 1668 οὐ
481 1609 618 1686 μᾶλλον,
641 1603 690 1669 δτι
712 1603 748 1669 οὐ
770 1605 879 1679 πλέον,

200 1735 366 1806 Μετανοῶ,
391 1732 497 1820 Κύριε,
521 1732 546 1796 ὦ
570 1735 676 1820 Κύριε,
699 1738 850 1816 μετανοῶ,

286 1860 403 1942 Βοήθει
425 1887 469 1924 σν
490 1864 536 1946 τῷ
556 1886 617 1942 μου
639 1859 854 1950 άμετανοήτῳ,

202 1989 265 2054 Καὶ
285 1992 413 2071 μᾶλλον
435 1988 483 2053 ἔτι
506 1988 560 2053 καὶ
581 1993 718 2070 μᾶλλον,

286 2116 484 2198 Κατάννξον,
507 2114 687 2203 διάρρηξον,
712 2116 891 2203 σύντριψον

455 2244 513 2325 τὴν
535 2242 666 2329 καρδίαν
687 2269 758 2326 μου.

200 2369 265 2434 Καί
287 2369 366 2444 άνες,
389 2369 479 2455 ἄφες,
503 2370 720 2459 συγχώρησον
742 2370 852 2435 πάντα

283 2498 332 2563 Τὰ
353 2497 397 2567 εἰς
418 2499 542 2580 λυγράν
562 2525 617 2580 μοι
639 2499 692 2565 καὶ
715 2498 899 2565 σκάνδαλον
914 2503 969 2579 τῆς
992 2499 1132 2588 καρδίας.

197 2625 256 2692 Ἐκ
277 2630 340 2691 τῶν
362 2626 505 2714 κρυφίων
526 2653 589 2708 μου
612 2626 790 2713 καθάρισόν
812 2653 861 2708 με,

239 2750 324 2816 Ἀπὸ
346 2755 409 2815 τῶν
431 2751 613 2836 ἀλλοτρίων
634 2756 748 2835 φεῖσαι
770 2756 825 2816 τοῦ
848 2751 964 2816 δούλου
987 2778 1058 2816 σου.

199 2877 449 2958 Θαυμάστωσον
471 2877 513 2941 τά
537 2876 613 2955 ελέη
636 2903 697 2941 σου

371 3002 449 3067 Ἐπὶ
471 3004 525 3068 τὸν
548 3000 738 3090 ἁμαρτωλὸν
760 3002 816 3067 τὸν
838 3002 934 3067 πάνυ·

199 3129 265 3195 Καὶ
288 3130 322 3194 ἐν
343 3133 442 3217 καιρῷ
464 3129 533 3195 εἰπέ
555 3156 618 3212 μοι,
644 3129 766 3218 Κύριε,ι

199 3321 249 3387 Θ,
375 3254 559 3344 Ἀφέωνταί
577 3283 632 3322 σοι
655 3256 690 3322 αἱ
710 3256 864 3344 ἁμαρτίαι
886 3284 955 3322 σου.

230 3348 333 3409 ww,
374 3391 485 3480 Ἀρκεῖ
506 3419 560 3457 σοι
582 3392 602 3456 ι’
626 3393 721 3482 χάρις
744 3419 814 3475 μου.

199 3521 282 3588 Εἰπὲ
304 3524 343 3606 τῇ
365 3523 463 3608 ψυχῇ
483 3547 557 3601 μου,
580 3522 726 3607 Σωτηρία
749 3548 810 3587 σου
832 3522 902 3604 ἐγώ.

231 3651 306 3715 Ἵνα
328 3647 363 3712 τί
382 3646 562 3735 περίλυπος
583 3647 620 3727 εἴ,
644 3648 664 3731 ἦ
688 3649 784 3736 ψυχή
805 3675 876 3731 μου,

327 3776 394 3842 Καὶ
417 3775 467 3842 ἵνα
489 3776 521 3841 τί
543 3776 780 3864 συνταράσσεις
801 3804 867 3861 με,·

196 3905 431 3992 Ἐπίστρεψον,
455 3904 550 3993 ψυχή
572 3932 642 3987 μου,
666 3904 710 3975 εἰς
731 3906 789 3988 τὴν
811 3905 998 3972 άνάπαυσίν
1020 3930 1091 3977 σου,

275 4034 358 4099 Ὅτι
381 4033 398 4098 ὁ
421 4033 538 4121 Κύριος
562 4034 761 4119 εὐεργετήσει
784 4062 832 4101 σε.

199 4296 308 4376 Κύριε,
330 4292 375 4377 μὴ
397 4296 442 4379 τῷ
464 4292 553 4378 θυμῷ
575 4317 637 4355 σου
660 4291 791 4374 ἐλέγξῃς
813 4316 861 4372 με,
