2910 5002
239 434 308 497 334
520 427 692 495 PRECES
719 426 1033 496 QUOTIDIANAE.

532 949 785 1015 CONFESSIO
807 949 1005 1014 PECCA'l'I.

242 1206 344 1284 DEUS,
366 1205 417 1269 'Pu
438 1204 499 1268 eois
520 1203 741 1288 insipientiam
772 1225 887 1279 meam,
910 1211 944 1266 et
973 1202 1091 1267 delicta
1116 1224 1188 1267 meo
1209 1225 1231 1267 e
1253 1203 1302 1268 Te

328 1354 395 1397 non
416 1339 492 1397 sunt
514 1331 710 1397 abscondita.
756 1332 843 1394 Peal.
866 1330 943 1396 lxix.
966 1332 996 1394 5.

242 1462 409 1544 Cognosoo
443 1467 477 1522 et
511 1481 581 1543 ego,
615 1466 649 1523 et
680 1465 847 1543 peecatum
878 1480 988 1522 meum
1018 1465 1133 1524 contro
1162 1479 1215 1523 me
1247 1466 1301 1523 est

328 1609 460 1671 semper.
508 1589 594 1651 Poal.
618 1587 652 1650 li.
676 1591 706 1651 3.

192 1721 195 1725 ’
241 1715 320 1779 Non
342 1713 503 1779 abscondo
524 1722 701 1797 peecatum,
725 1714 807 1778 nient
829 1713 945 1778 Adam.
990 1713 1060 1778 Job.
1083 1715 1167 1778 xxxi.
1191 1717 1245 1781 33.

241 1842 320 1906 Non
342 1840 468 1904 declino
490 1861 544 1904 cor
566 1861 674 1903 meum
696 1840 731 1902 in
753 1839 851 1904 verba
872 1841 1011 1920 malitiae,
1036 1841 1076 1906 ed
1098 1843 1297 1908 excusandas

329 1966 550 2030 exeusationes
572 1967 607 2028 in
628 1965 776 2050 peccatis.
821 1967 911 2030 Peal.
934 1967 1007 2032 exli.
1030 1970 1061 2030 4.

243 2094 307 2159 Sed
321 2096 476 2159 eonfiteor
490 2094 659 2159 adversum
674 2115 726 2158 me
741 2093 933 2178 injustitiam
947 2116 1062 2159 meam.
1085 2097 1139 2160 Pe.
1152 2096 1248 2162 xxxii.
1262 2101 1294 2163 5.

327 2224 371 2286 Et
393 2221 503 2286 omnio
524 2242 595 2305 quae
616 2221 704 2284 intro
725 2242 778 2284 me
801 2229 886 2301 sunt,
931 2224 1022 2287 Peol.
1047 2222 1108 2287 ciii.
1134 2225 1162 2286 l..

327 2351 372 2412 Et
393 2349 502 2414 omnio
523 2370 593 2412 osea
614 2370 686 2412 mea
707 2348 830 2426 dieunt,
874 2349 961 2412 Peal.
984 2371 1075 2415 xxxv.
1101 2351 1153 2415 lo

499 2476 642 2554 Peccavi,
686 2477 774 2540 Peal.
798 2476 855 2540 evi.
879 2479 910 2539 6.

411 2604 544 2668 Peccavi
566 2603 647 2681 Tibi,
670 2603 818 2667 Domine.

327 2729 440 2793 Errevi
463 2729 545 2793 siout
568 2731 635 2795 ovis
657 2752 728 2812 quae
750 2729 855 2813 periit.
907 2730 1012 2814 [Poal.
1035 2731 1116 2796 cxix.
1142 2732 1229 2816 lto]

240 2856 410 2919 Protervus
431 2853 488 2933 fui,
513 2854 596 2918 siout
614 2855 752 2940 juvenca
773 2854 940 2920 indomita.
984 2854 1052 2919 Jer.
1074 2856 1157 2923 xxxi.
1183 2857 1233 2921 18

242 2984 399 3047 Reversus
421 3003 492 3045 sum
515 2982 598 3046 siout
620 2981 709 3046 conis
732 2981 773 3045 ad
794 2982 965 3046 vomitum:
1014 2984 1106 3047 Pron.
1131 2985 1214 3051 xxvi.
1240 2985 1293 3050 11.

329 3110 421 3173 Sient
443 3132 497 3173 sus
520 3110 596 3190 lota,
619 3111 655 3173 in
677 3108 844 3174 volutabro
866 3109 935 3176 luti.
981 3113 1002 3176 2
1028 3090 1096 3176 Pet.
1117 3112 1151 3177 ii.
1174 3115 1227 3178 22.

241 3234 294 3299 Do
316 3237 389 3300 Tibi
412 3238 558 3319 gloriam,
582 3237 732 3317 Domine,
756 3244 788 3300 et
811 3237 976 3316 confiteor,

327 3361 461 3424 Peeeavi
482 3361 563 3439 Tibi,
587 3371 620 3427 et
642 3363 687 3426 sie
709 3372 743 3428 et
765 3364 811 3427 sio
832 3363 903 3427 feci.
948 3363 1015 3429 Joe.
1039 3364 1092 3428 vii.
1121 3365 1189 3449 [19‚
1208 3365 1277 3448 20.]
1383 3365 1385 3370 ’

235 3485 282 3552 Ὠ
306 3485 417 3574 Κύριε,
440 3490 530 3552 λῖνον
551 3487 730 3574 τυφόμενον
749 3489 795 3572 μὴ
818 3488 954 3572 σβέσῃς,

327 3613 474 3698 κάλαμον
496 3615 763 3703 συντετριμμένον
782 3621 828 3700 μή
851 3617 1016 3704 κατεάξῃς.
1057 3623 1153 3689 Matt.
1170 3620 1221 3687 xii.
1239 3620 1292 3685 20.

240 3741 293 3805 Ne
315 3762 368 3805 me
391 3741 556 3826 demergat
578 3750 751 3827 tempestas
773 3765 874 3828 aquae,

245 3938 247 3943 ³
327 3869 444 3951 Neque
467 3869 638 3935 absorbeat
659 3893 711 3935 me
734 3872 941 3956 profundum,

413 3997 529 4080 Neque
544 3999 692 4063 occludat
706 4021 802 4084 super
817 4022 868 4064 me
883 4007 999 4084 puteus
1020 4022 1056 4064 os
1073 4023 1179 4068 nuum.
1203 4004 1290 4067 Psal.

455 4123 528 4187 lxix.
558 4125 640 4208 [15.]

241 4248 390 4327 Domine,
414 4255 488 4312 ante
511 4248 556 4312 'Pe
578 4271 674 4314 omne
697 4250 890 4317 desiderium
911 4275 1031 4334 meum,
