2910 5002
411 429 581 496 PRECES
605 430 922 499 QUOTIDIANAE.

350 909 402 972 IN
426 909 668 975 CHRISTUM
691 912 986 977 ORUCIFIXUM

532 1077 807 1129 uorosrnorffice.

314 1231 408 1291 Serus
429 1228 493 1292 fuit
514 1229 730 1312 inspirationis
752 1230 948 1314 nugatoriae3

317 1356 425 1433 Musa,
448 1362 597 1438 permuta
618 1355 763 1434 chordas,

321 1483 376 1560 Et,
399 1481 526 1546 barbito
548 1489 685 1565 arrepto,

316 1607 502 1689 Augustum
523 1607 638 1671 insono
659 1607 816 1691 hymnum

318 1733 477 1798 Crucifixo
501 1734 591 1816 Regi.

318 1861 347 1922 0
370 1860 598 1924 miraculorum
621 1867 711 1922 veste

317 1985 490 2063 Thesaure,
515 1993 610 2069 atque
632 1985 807 2050 imenso!

320 2111 407 2178 Quid
429 2079 533 2189 tuum,
556 2111 633 2194 quid
655 2112 795 2195 primum
817 2110 948 2175 dixero?

232 2236 359 2301 Vellem
381 2236 485 2301 dicere
507 2236 720 2301 inenarrabile
741 2236 925 2302 hominibus

319 2365 491 2448 Beatisqne
513 2364 647 2448 Angelis
668 2364 816 2449 aenigme,

407 2490 482 2568 Qui,
506 2492 596 2555 Deus
617 2490 818 2568 immortalis,
840 2495 987 2554 mortuus
1008 2490 1068 2553 es?

236 2616 363 2680 Vellem
384 2615 489 2680 dicere
511 2616 799 2699 imperscrutandas
820 2614 1055 2700 profunditates

276 2714 517 2822 Misericordiae,
541 2743 617 2827 qnia
637 2743 758 2828 lytrum
779 2764 838 2827 pro
859 2741 1005 2807 hostibus

320 2868 439 2932 Filium
460 2869 597 2952 praebuit
620 2871 724 2934 Peter.

319 2992 446 3057 Vellem
469 2993 649 3057 sublimiter
670 2993 777 3075 eloqui

322 3119 500 3203 Mystieum
521 3119 721 3203 triumphum

321 3244 475 3308 Triduani
497 3244 668 3323 cadaveris,

324 3371 369 3432 Et
390 3369 551 3453 captivum
574 3391 695 3447 orcum,

321 3496 526 3580 Mortemque
549 3504 653 3560 morte
675 3495 886 3579 profligatum

234 3624 309 3689 Nisi
330 3623 416 3707 qnod
437 3623 519 3686 mihi
541 3622 770 3688 circumfremit
793 3620 1013 3686 Calvenorum
1036 3640 1139 3697 mons,

236 3751 280 3814 Et
301 3750 428 3832 fragoso
450 3750 585 3833 strepitu
608 3756 781 3832 gravantur
803 3768 894 3811 eures

323 3875 544 3953 Perdentium,
566 3874 844 3958 pereuntinmque.

321 4002 458 4068 Exsilito
480 4002 521 4066 ed
543 4003 667 4080 collem,
691 4001 797 4079 oculi3

280 4130 362 4197 Quis
384 4130 508 4194 medius
528 4128 629 4194 trium
650 4127 779 4212 pendet,

282 4257 401 4340 (Quam
423 4257 470 4320 nil
492 4256 616 4320 duobus
637 4255 691 4319 ille
714 4253 828 4319 similis
841 4254 861 4335 l)

193 4396 252 4433 iro.
264 4394 359 4434 ruore
685 4383 706 4442 3
728 4397 749 4445 p

1132 436 1197 498 393
