2910 5002
419 436 587 499 PRECES
612 437 928 503 QUOTIDIANAE.
1183 448 1202 505 5

586 623 772 686 Cubiculum

150 747 242 809 Intra
263 749 298 809 in
316 748 508 825 cubiculum,
533 759 565 811 et
587 750 694 812 clauso
716 750 808 827 ostio,
828 772 883 814 ora
904 760 1029 834 patrem
1051 763 1145 816 tuum
1168 756 1202 816 in

193 874 389 938 abscondito.
435 876 533 938 Mate.
549 876 591 940 vi.
607 878 637 939 6.

573 1005 777 1067 Goeuoculum.

150 1129 304 1193 Ascendit
319 1130 354 1192 iu
369 1130 531 1213 superiora
545 1137 582 1194 ut
597 1138 712 1195 oraret.
756 1132 831 1195 Act.
847 1153 877 1194 x.
893 1135 924 1196 9.

596 1257 761 1337 Templum.

324 1383 553 1447 Ascendebant
568 1385 603 1446 in
616 1382 796 1468 Templum.
842 1387 914 1448 Act.
930 1386 973 1449 iii.
994 1389 1023 1447 l.

625 1511 727 1574 Litus.

326 1639 367 1702 In
382 1638 485 1702 litore.
530 1639 603 1700 Act.
620 1639 682 1702 xxi.
698 1643 729 1701 5.

612 1764 741 1826 Hortos.

328 1890 370 1952 In
385 1888 489 1951 horto.
535 1889 628 1952 Joan.
644 1889 729 1952 xviii.
745 1893 777 1952 2.

622 2016 737 2078 Cubile.

331 2141 373 2204 In
388 2141 549 2205 cubilibus
565 2142 638 2204 suis.
683 2144 771 2206 Psal.
787 2144 880 2207 cxlix.
897 2147 928 2206 5.

591 2269 765 2331 Desertum.

328 2393 370 2455 In
385 2394 534 2457 Deserto.
580 2396 685 2458 Marc.
703 2397 723 2458 i.
740 2399 794 2459 35.

157 2631 198 2693 In
214 2629 302 2692 omni
325 2628 395 2691 loco
417 2628 558 2692 levantes
580 2651 676 2712 puras
700 2650 815 2692 manus
839 2630 907 2692 sine
929 2630 977 2693 irs
999 2637 1031 2692 et
1054 2629 1212 2711 disceptu-

200 2754 297 2818 tione.
344 2757 360 2816 1
383 2753 459 2815 um.
475 2752 510 2814 ii.
527 2755 558 2814 8.

483 3105 885 3170 INTERCESSIONES.

159 3268 202 3330 Et
215 3265 345 3329 Samuel
355 3232 442 3330 intei
453 3288 507 3330 eos
520 3267 575 3349 qui
584 3267 735 3330 invocant
746 3289 864 3331 nomeu
873 3269 951 3351 ejus.
985 3267 1054 3350 [Pu.
1067 3267 1148 3329 xcix.
1161 3266 1208 3349 6.]

159 3391 254 3455 Absit
268 3399 377 3455 autem
398 3413 483 3456 eme
504 3393 566 3456 hoc
589 3401 755 3475 peccatum
774 3394 809 3456 in
827 3393 1013 3470 Dominum,
1034 3400 1071 3456 ut
1093 3413 1214 3456 cessem

202 3537 292 3580 orare
310 3538 369 3599 pro
388 3517 486 3595 vobis,
510 3525 543 3580 et
566 3517 679 3601 docere
701 3538 756 3581 vos
778 3518 862 3580 viam
884 3517 1003 3581 bonam
1024 3525 1057 3580 et
1081 3521 1214 3581 rectam.

205 3643 326 3706 lSam.
343 3643 398 3706 xii.
414 3646 467 3707 23.

159 3770 230 3832 Nos
256 3791 330 3832 vcro
355 3769 492 3832 orationi
522 3776 555 3831 et
579 3769 757 3833 ministerio
783 3770 871 3833 verbi
900 3771 1058 3834 instantes
1087 3770 1215 3833 erimus.

205 3896 277 3958 Act.
293 3896 333 3958 vi.
351 3901 380 3958 i.

422 4023 451 4084 Ο
468 4021 522 4102 qui
538 4021 668 4083 exaudis
683 4022 871 4099 orationem,

465 4146 517 4208 Ad
534 4154 565 4207 te
582 4147 687 4208 omnis
699 4169 771 4209 caro
782 4148 913 4211 ueniet:

517 4272 634 4333 Veniet
650 4281 682 4334 ct
698 4273 775 4334 hacc.
