2910 5002
413 436 583 500 PRECES
610 436 925 503 QUOTIDIANAE.
1134 441 1199 505 279

144 598 210 664 Qui
231 619 298 662 non
320 619 353 662 es
374 620 484 682 passus
506 601 658 665 obdurari
679 624 734 667 cor
755 623 874 681 meum,
919 603 1007 665 Rom.
1030 603 1062 666 ii.
1087 606 1117 668 5.

146 726 210 790 Sed
231 726 387 810 reliquisti
408 729 688 811 compunctionem
710 729 823 808 cordis,
867 729 941 793 Act.
965 728 998 792 ii.
1021 729 1075 795 37.

229 853 417 917 memoriam
437 855 693 935 novissimorum,
739 856 832 921 Dent.
855 855 950 919 xxxii.
973 857 1025 920 29.

232 980 459 1044 conscientiam
480 981 688 1064 praecedentis
709 982 841 1066 pcccati,
885 981 963 1045 Heb.
987 1003 1016 1044 x.
1039 983 1070 1045 2.

147 1107 214 1174 Qui
236 1108 387 1191 operuisti
409 1108 489 1171 mihi
510 1115 635 1191 portem
658 1109 735 1192 spei,
782 1107 874 1194 [Hoc.
897 1109 930 1173 ii.
958 1107 1023 1191 15.]

233 1245 246 1274 ⁸
260 1235 428 1298 confitenti
449 1241 483 1299 et
504 1234 668 1317 bnogenti,

176 1384 214 1426 ex
237 1363 489 1447 ⁰myoteriorum
511 1371 544 1426 et
566 1361 732 1428 “clavium
753 1369 921 1446 potestate,

147 1492 189 1551 ⁸1
206 1490 257 1552 Jo.
272 1489 293 1552 i.
310 1491 339 1554 9.
364 1488 484 1551 bMott.
500 1489 585 1553 xviii
602 1491 654 1553 32.
686 1491 758 1553 ⁰Jo.
775 1511 825 1553 xx.
841 1492 894 1555 23.
928 1488 1051 1552 “Matr
1067 1488 1129 1552 xvi.
1147 1488 1198 1552 19.

150 1616 215 1683 Qui
237 1637 304 1680 non
325 1616 524 1699 praescidisti,
548 1616 631 1680 sicut
652 1622 769 1694 textor,
792 1617 893 1680 vitam
914 1637 1030 1696 meam,

193 1742 271 1805 dum
293 1740 397 1805 adhuc
418 1741 557 1805 ordirer:
588 1761 648 1805 nec
671 1741 711 1805 de
732 1762 827 1806 mene
848 1762 950 1824 unque

236 1868 277 1932 od
297 1889 461 1952 vesperam
484 1868 646 1933 abstulisti
668 1889 730 1949 me,
774 1869 817 1932 Io.
840 1868 965 1952 xxxviii.
990 1869 1042 1933 12.

150 1997 222 2060 Nec
243 1997 279 2059 in
300 1996 434 2061 dimidio
455 1995 582 2060 dierum
602 1994 759 2060 revocasti
780 2015 843 2072 me,
887 1996 975 2058 Pcol.
999 1994 1049 2060 cii.
1072 1997 1125 2059 24.

196 2124 260 2189 Sed
282 2123 417 2188 tenuisti
439 2123 581 2187 animam
602 2143 708 2186 meam
729 2123 765 2185 in
785 2121 861 2203 vita,

238 2273 299 2316 nec
313 2251 430 2315 dedisti
444 2251 480 2315 in
494 2249 741 2315 commotionem
755 2247 852 2332 pedes
866 2268 972 2323 mcos;
1023 2248 1124 2332 [Pcol.
1140 2248 1213 2311 lxvi.
1225 2247 1272 2331 8.]

282 2379 345 2442 Pro
367 2379 454 2443 hisce
475 2376 636 2456 omnibus,
659 2381 719 2443 etc.
