2910 5002
436 456 606 520 PRECES
631 457 949 524 QUOTIDIANAE.
1179 460 1221 524 73

208 625 361 720 saeculum
383 647 492 690 meum
515 627 549 689 in
572 627 808 692 illuminatione
822 630 930 694 vultus
952 632 1011 695 tui.
1047 632 1103 694 Pa.
1120 651 1167 694 xe.
1184 631 1215 693 8.

165 754 230 818 Sed
252 753 379 818 dimitte
400 754 603 838 iniquitatem
626 776 715 819 servo
737 765 804 834 tuo,

206 881 382 946 seeundum
403 882 659 964 magnitudinem
681 882 905 946 misericordiae
927 893 1001 962 tuae,

205 1009 288 1072 siout
309 1009 467 1092 propitius
487 1009 518 1073 ei
540 1009 629 1072 fuisti
651 1009 692 1072 ab
714 1009 861 1087 infantia,

248 1137 289 1200 ad
310 1157 413 1220 usque
434 1158 530 1200 nunc.
575 1136 669 1199 Num.
686 1137 746 1200 xiv.
767 1141 817 1201 19.

160 1263 302 1327 Peccavi.
349 1262 436 1328 Quid
457 1262 572 1325 faomm
594 1262 664 1338 tibi,

247 1397 395 1454 onustos
416 1389 611 1452 hominum?

160 1516 269 1582 Quare
290 1516 424 1599 posuisti
449 1538 502 1580 me
524 1517 719 1579 eontrarium
741 1517 812 1593 tibi,

202 1642 247 1705 Et
268 1641 372 1705 factm
394 1663 466 1706 sum
488 1642 697 1724 mihimetipsi
720 1643 848 1724 gravis?

160 1768 227 1832 Des
248 1769 453 1852 iniquitatem
476 1790 581 1832 meam
603 1769 766 1847 oblivioni,

202 1895 247 1958 Et
268 1917 385 1979 purges
407 1905 574 1980 peecatum
597 1918 716 1960 meum.
762 1897 832 1960 Job.
856 1897 908 1960 vii.
931 1899 985 1961 20.

162 2019 289 2086 Salvam
319 2023 370 2087 sao
403 2025 544 2088 animam
577 2045 692 2102 meam,
727 2045 769 2087 ne
810 2024 918 2088 veniat
949 2023 984 2086 in
1015 2023 1116 2087 inter-

288 2131 382 2227 itum,

160 2272 318 2338 Invenisti
339 2275 426 2338 enim
448 2276 483 2338 in
505 2297 567 2358 quo
589 2276 780 2358 propitiatus
802 2275 853 2338 sis.
904 2275 988 2357 [Job.
1004 2275 1110 2338 xxxiii.
1126 2276 1195 2359 24.]

160 2399 317 2466 Miserere
330 2401 404 2480 mei,
420 2402 466 2464 fili
482 2402 596 2465 David.
621 2402 770 2479 Domine,
787 2401 902 2484 adjuva
916 2422 984 2465 mer
1002 2402 1086 2464 Mat.
1104 2423 1153 2465 xv.
1169 2404 1224 2466 22.
1247 2403 1331 2488 [25]

160 2525 278 2605 Etiam,
301 2527 451 2605 Domine,
474 2550 550 2591 nam
572 2535 605 2592 et
627 2528 734 2591 catelli
756 2527 857 2590 odunt

246 2651 286 2716 de
309 2653 402 2717 micis
426 2675 497 2736 quae
520 2654 640 2718 eadunt
662 2654 702 2717 de
724 2674 836 2716 mensa

159 2779 372 2843 Dominorum
396 2803 535 2844 suorum.
587 2782 679 2864 [vers.
695 2780 764 2862 27.]

244 2907 437 2970 Patientiam
459 2907 540 2971 habe
562 2909 597 2971 in
618 2929 680 2986 me,
704 2907 852 2984 Domine,

159 3033 248 3099 Quin
270 3035 388 3116 potius,
412 3035 489 3098 Non
511 3034 613 3098 habeo
635 3027 722 3098 unde
743 3028 876 3097 reddain
887 3057 897 3106 ;

373 3160 559 3224 Confitebor
580 3161 651 3224 tibi.

157 3284 265 3349 Omne
280 3285 424 3350 debitum
440 3287 567 3352 dimitte
582 3288 673 3366 mihi,
688 3308 767 3371 rogo
782 3293 825 3350 te.
849 3287 952 3356 Mati.
968 3286 1210 3351 nutat-27.

25 3547 30 3555 ’
158 3539 187 3598 l.
234 3537 420 3620 Usquequo,
444 3540 593 3618 Domine,
619 3539 813 3604 oblivisceris
835 3558 887 3600 me
911 3538 946 3599 in
968 3537 1092 3600 finem?

233 3663 409 3748 Usquequo
431 3667 547 3729 avertis
569 3667 684 3730 faeiem
705 3673 796 3747 tuam
819 3655 933 3727 ame?
971 3664 1059 3726 Paul.
1075 3663 1147 3727 xiii·
1160 3667 1189 3727 l.

154 3791 187 3851 2.
233 3789 397 3855 Quamdiu
419 3814 536 3875 ponam
558 3793 690 3856 consilia
712 3793 748 3853 in
770 3790 879 3852 anima
901 3809 981 3865 mea,

233 3914 386 3979 Dolorem
407 3917 443 3980 in
464 3918 558 3981 eorde
581 3938 662 3995 meo,
685 3937 742 3998 per
764 3915 850 3978 diem
873 3921 905 3977 et
926 3915 1080 3977 noctem?

227 4042 404 4126 Usquequo
414 4045 608 4110 exaltabitur
616 4045 766 4109 inimicus
778 4064 870 4107 meus
879 4033 1058 4125 superma?
1083 4044 1167 4106 Vero.
1180 4043 1211 4105 2.

153 4168 185 4229 8.
232 4169 377 4251 Respice,
401 4178 434 4235 et
455 4173 570 4236 exaudi
592 4195 654 4252 me,
679 4172 831 4249 Domine,
854 4172 944 4234 Deus
966 4189 1070 4247 mens,
1098 4228 1101 4233 .

232 4296 385 4360 lllumina
407 4301 515 4364 oculos
538 4323 635 4380 meos,
659 4323 700 4365 ne
722 4320 869 4383 unquam

200 4411 266 4469 arsi).⁵
278 4435 372 4472 suom.
791 4443 811 4487 1,
