2910 5002
426 443 595 508 PRECES
621 443 939 509 QUOTIDIANAE.
1144 445 1209 506 383

240 615 431 695 venerimus,
446 636 507 680 nee
528 617 549 678 J
551 614 601 694 ob,
617 634 679 678 nec
699 614 826 693 Daniel,
841 634 902 678 nee
920 612 1017 677 Noab
1037 634 1096 697 pro
1115 614 1209 679 nobis
1342 660 1349 676 .

239 764 353 828 rogare
375 752 519 830 possunt,
551 743 608 808 sed
629 743 848 828 unusquisque
868 749 977 827 portat
998 764 1080 807 onus
1102 764 1208 808 suum.

154 872 242 935 Rom.
265 872 332 938 viii.
361 874 415 938 26.
459 871 505 937 Τὸ
538 873 672 954 Πνεῦμα
702 868 974 958 ὖπερενπνγχάνει
1006 867 1089 955 ὑπὲρ
1120 867 1210 950 ἡμῶν

241 1004 434 1084 στεναγμοῖς
456 999 645 1084 ἀλαλήτοις.

156 1127 238 1211 Aup.
255 1135 366 1192 contra
380 1130 473 1194 Mas.
519 1129 668 1194 Postulat
685 1127 824 1213 Spiritus
844 1147 904 1212 pro
920 1125 1015 1190 nobis
1038 1125 1210 1210 gemitibus

198 1257 487 1322 inenarrabilibus:
517 1279 598 1322 num
626 1264 703 1322 tuus
724 1256 776 1322 vel
803 1277 896 1320 meus
924 1255 1058 1339 spiritus
1087 1261 1136 1319 est
1161 1254 1211 1318 in·

199 1385 396 1465 enarrabilis,
426 1384 483 1469 qui
511 1407 594 1471 saepe
622 1386 742 1464 nullus,
771 1406 856 1470 soepe
885 1384 1022 1469 frigidus
1052 1385 1124 1448 est?
1155 1383 1212 1447 sed

199 1512 404 1596 quianullus
433 1521 482 1578 est
511 1513 589 1594 dies,
610 1515 738 1578 nullum
767 1521 980 1597 momentum,
1003 1534 1067 1597 quo
1095 1533 1163 1576 non
1192 1533 1211 1574 a

199 1641 317 1705 sanetis
347 1641 544 1725 supplicatur
579 1642 659 1721 Deo,
689 1641 731 1707 ab
760 1663 826 1707 uno
854 1641 1040 1721 ferventius,
1070 1641 1111 1705 ab
1148 1641 1211 1704 alio

199 1768 357 1852 tepidius:
380 1775 415 1832 et
436 1769 514 1851 quia
534 1789 646 1832 omnes
665 1788 765 1833 unam
787 1768 978 1834 Columbam
1001 1768 1211 1845 eonstituunt,

199 1895 275 1961 hinc
303 1897 387 1960 fiunt
417 1895 555 1979 gemitus
583 1895 823 1976 inenarrabiles,
846 1916 964 1980 nempe
993 1917 1032 1959 ex
1061 1895 1211 1960 omnibus

199 2023 235 2086 in
256 2042 427 2109 eommune
449 2021 632 2105 gemitibus,
655 2022 711 2106 qui
741 2021 890 2087 omnibus
912 2021 949 2086 in
970 2020 1121 2087 Ecclesiae
1143 2042 1211 2087 eor·

200 2170 278 2233 pore
300 2149 469 2214 constituti
489 2158 637 2233 prosunt.

158 2276 224 2344 Qui
245 2296 303 2359 pro
326 2274 395 2338 aliis
416 2282 497 2354 orat,
520 2296 579 2359 pro
602 2297 635 2340 se
658 2273 792 2338 laborat

158 2404 194 2468 Si
215 2424 274 2488 pro
295 2410 329 2467 te
352 2404 419 2467 solo
440 2424 545 2486 rogas,
568 2402 696 2487 rogabis
717 2423 776 2487 pro
798 2409 833 2466 te
855 2402 954 2467 solus.

159 2529 195 2593 Si
216 2550 288 2595 oras
310 2549 369 2612 pro
388 2528 550 2608 omnibus,
573 2529 712 2594 orabunt
731 2549 789 2612 pro
811 2535 855 2592 te.

188 2821 434 2885 Medilalionum
455 2816 600 2906 ἀφορμαὶ
621 2771 694 2885 aute
716 2817 980 2909 Εὕχοριστίανῆ
1008 2815 1178 2902 Εὖλοσγᾶνν.

158 3017 284 3080 Eeelus.
306 3038 356 3080 xv.
380 3020 412 3080 9.
472 3012 549 3103 Οὐχ
578 3013 690 3103 ὡραῖος
719 3014 736 3080 ὁ
765 3014 850 3086 αἶνος
879 3016 914 3081 ἐν
943 3013 1083 3098 στόματι
1112 3011 1215 3100 ἁμαρ-

245 3145 367 3208 roasa

160 3274 248 3337 Psal.
270 3273 315 3337 lii.
340 3274 393 3336 10.
431 3270 513 3338 ’Ότι
534 3269 680 3360 χρηστὸν
701 3269 851 3336 ἐναντίων
872 3273 935 3337 τῶν
957 3268 1063 3338 ὁσίων.

160 3401 246 3463 Paul
271 3399 349 3463 oxlv.
376 3401 427 3463 10.
473 3400 700 3466 confiteantur
720 3397 804 3477 Tibi,
821 3397 972 3476 Domine,
989 3397 1099 3462 omnia
1119 3418 1216 3482 opera

245 3527 324 3606 Tua,
348 3535 382 3591 et
404 3527 506 3591 saneti
529 3527 591 3592 Tui
611 3525 804 3591 benedicant
825 3525 908 3591 Tibi.

160 3654 247 3717 Psal.
270 3653 387 3718 lxxxix.
412 3654 462 3718 16.
510 3651 681 3739 Μακάριος
702 3650 720 3717 ὅ
742 3650 909 3735 γινώσκων
930 3650 1161 3735 namara.

159 3781 272 3845 Jalula
293 3783 355 3847 xvi.
381 3783 431 3846 16.
478 3779 605 3869 Μικρὸν
627 3783 723 3845 πᾶσα
744 3779 843 3845 θυσία
864 3778 908 3850 εἰς
929 3778 1033 3863 ὀσμὴν
1054 3777 1192 3848 εὐωδίας.

160 3908 287 3980 Euolat,
308 3909 388 3976 11111.
411 3912 466 3976 27.
517 3905 639 3972 Πολλὰ
667 3903 799 3992 ἐροῦμεν
821 3904 876 3973 καὶ
897 3903 935 3971 οὗ
954 3904 1000 3989 μὴ
1022 3903 1215 3992 ἔφικῶμεθο.
1324 3985 1327 3990 .

160 4037 243 4120 Aap.
262 4034 350 4118 Coos.
367 4037 389 4100 l.
404 4035 426 4100 i.
464 4036 524 4100 Vae
545 4034 728 4100 tacentibus
749 4035 789 4100 de
805 4036 860 4114 Te,
876 4033 1036 4098 Domine:
1065 4032 1217 4117 quoniam

248 4162 347 4228 etiam
368 4164 516 4248 loquaces
538 4162 623 4228 muti
645 4170 733 4228 sunt.

166 4286 288 4387 nbnn
310 4317 436 4387 wm'l
455 4287 520 4408 15,
537 4323 620 4381 tacet
642 4317 701 4382 tili
722 4319 792 4381 laus
812 4318 863 4381 vel
882 4317 1040 4396 Psalmus,
