2910 5002
428 445 597 509 PRECES
622 443 937 511 QUOTIDIANAE.
1165 448 1207 510 35

240 617 319 680 Non
340 615 454 698 recepi.
499 615 568 679 Job.
591 615 699 680 xxxiii.
721 617 774 680 27.

153 744 200 806 Et
222 743 299 827 quid
321 763 410 807 nunc
432 742 546 821 dicam,
570 743 683 807 autin
705 764 770 826 quo

200 871 340 954 aperiam
362 891 399 934 oa
419 871 553 934 meum?

157 997 246 1064 Quid
268 996 477 1080 respondebo,
501 996 575 1079 quia
595 997 664 1080 ipae
685 997 769 1062 feci?

158 1129 380 1204 Inexcumtna
409 1125 604 1202 indefensus,
633 1127 763 1210 proprio
787 1127 910 1210 judicio
938 1128 1169 1193 condemnatus

332 1274 414 1317 sum.
458 1254 548 1316 Rom.
571 1253 603 1317 ii
630 1255 657 1316 l.
709 1254 787 1338 [itt.
810 1255 855 1318 iii.
881 1256 948 1338 11.]

161 1382 303 1446 Perditio
324 1401 398 1445 mea
418 1381 498 1444 mihi
521 1389 631 1444 estex
652 1401 714 1444 me.
766 1382 817 1444 Oe.
841 1381 907 1445 xiii.
931 1387 961 1447 9.

246 1510 329 1588 Tibi,
352 1509 501 1588 Domine,
521 1509 657 1594 justitia,

205 1638 290 1701 Mihi
313 1646 422 1701 autem
444 1637 589 1701 confusio
610 1636 711 1701 faciei.
757 1639 840 1702 Dan.
862 1639 906 1704 ix.
931 1644 960 1705 7.

334 1764 379 1826 Et
400 1771 438 1828 tu
455 1764 565 1847 justus
588 1784 622 1826 es

250 1893 290 1955 In
313 1891 462 1956 omnibus
485 1913 556 1973 quae
577 1897 736 1956 venerunt
757 1914 852 1976 super
874 1915 936 1973 me,
1059 1957 1064 1964 ,

378 2019 464 2085 Quia
485 2020 653 2084 veritatem
674 2019 789 2098 fecisti,

422 2148 492 2230 Ego
514 2155 623 2210 autem
644 2145 743 2231 impie
765 2148 826 2230 egi.
871 2148 952 2213 Neh.
976 2149 1019 2214 ix.
1042 2153 1095 2214 33.
1213 2160 1218 2170 '

163 2277 208 2339 Et
231 2297 317 2340 nunc
340 2296 411 2360 qnae
432 2283 481 2339 est
503 2275 697 2358 exspectatio
719 2277 817 2340 meai

379 2404 501 2467 Nonne
522 2408 570 2482 tu,
595 2402 763 2467 Domine?

208 2531 325 2594 Etiam.
373 2529 562 2595 Substantia
582 2551 655 2594 mea
676 2529 762 2613 apud
783 2538 817 2593 te
838 2537 895 2594 est.
942 2533 1031 2596 Psal.
1053 2532 1158 2595 xxxix.
1184 2538 1215 2597 7.

253 2661 288 2722 Si
309 2658 391 2722 mihi
412 2658 550 2742 supersit
572 2657 683 2721 smnus
705 2678 786 2741 spes,

254 2788 289 2852 Si
311 2794 438 2871 superet
459 2786 630 2850 clementia
650 2794 707 2850 tua

338 2915 585 2980 Multitudinem
607 2922 810 2998 peccatorum
831 2937 987 2996 meorum,

166 3049 352 3112 Memorare
375 3065 446 3128 quae
467 3065 540 3107 mea
562 3043 755 3123 substantia,
800 3047 891 3110 Paul.
914 3047 1031 3111 lxxxix.
1055 3048 1109 3111 46.

382 3171 479 3238 Quod
493 3172 554 3235 sim
569 3193 649 3256 opus
663 3194 819 3237 manuum
833 3180 973 3253 tuarum,
1003 3175 1069 3258 [Pr.
1087 3175 1229 3239 cxxxviii.
1246 3173 1291 3256 8.]

368 3301 496 3383 imago
518 3300 634 3379 vultus,
684 3302 776 3385 [Gen.
799 3302 821 3365 i.
844 3301 912 3384 22]

384 3427 529 3491 Pretium
552 3429 726 3511 sanguinis,
777 3430 809 3513 [l
836 3431 906 3493 Cor.
929 3429 971 3494 vi.
994 3428 1062 3511 20.]

383 3553 513 3619 Nomen
535 3555 574 3620 de
595 3555 736 3635 nomine,

385 3683 463 3748 Ovis
484 3704 608 3766 paacuae
629 3690 703 3762 tuae,
753 3684 855 3766 [Psoi.
879 3704 907 3747 o.
929 3683 976 3766 3.]

383 3811 484 3873 Filius
507 3811 644 3875 foederis

169 3944 341 4026 Figmenta
361 3961 517 4003 manuum
539 3948 667 4002 tuarum
689 3960 731 4002 ne
754 3938 889 4021 despice.
921 3938 1012 4001 Paul.
1029 3937 1174 4037 cxxxviii.
1188 3942 1219 4001 8.

214 4070 394 4152 Imaginem
416 4075 505 4130 tuam
528 4075 560 4131 et
583 4067 825 4131 similitudinem
872 4068 947 4131 Gen.
971 4067 993 4130 i.
1015 4069 1068 4130 26.

212 4195 372 4279 Nunquid
395 4217 474 4258 vane
497 4196 717 4260 constituisti?
763 4198 849 4261 Psal.
873 4196 988 4260 lxxxix.
1004 4198 1056 4258 47.
1140 4176 1145 4185 ’

214 4327 326 4401 Vane3
349 4322 505 4405 siquidem
528 4323 710 4406 perdideris.
