<?xml version="1.0" encoding="UTF-8"?>
<!DOCTYPE html PUBLIC "-//W3C//DTD XHTML 1.0 Transitional//EN"
    "http://www.w3.org/TR/xhtml1/DTD/xhtml1-transitional.dtd">
<html xmlns="http://www.w3.org/1999/xhtml" xml:lang="en" lang="en">
 <head>
  <title>
</title>
<meta http-equiv="Content-Type" content="text/html;charset=utf-8" />
  <meta name='ocr-system' content='tesseract 3.04.00' />
  <meta name='ocr-capabilities' content='ocr_page ocr_carea ocr_par ocr_line ocrx_word'/>
</head>
<body>
  <div class='ocr_page' id='page_1' title='image "./precesprivataeq00andrgoog_0081.png"; bbox 0 0 2910 5002; ppageno 0'>
   <div class='ocr_carea' id='block_1_1' title="bbox 471 418 1251 490">
    <p class='ocr_par' dir='ltr' id='par_1_1' title="bbox 471 418 1251 490">
     <span class='ocr_line' id='line_1_1' title="bbox 471 418 1251 490; baseline -0.01 -2"><span class='ocrx_word' id='word_1_1' title='bbox 471 421 642 488; x_wconf 80' lang='lat' dir='ltr'>PRECES</span> <span class='ocrx_word' id='word_1_2' title='bbox 666 421 983 490; x_wconf 76' lang='lat' dir='ltr'><strong>QUOTIDIANAE.</strong></span> <span class='ocrx_word' id='word_1_3' title='bbox 1211 418 1251 481; x_wconf 85' lang='grc'>61</span> 
     </span>
    </p>
   </div>
   <div class='ocr_carea' id='block_1_2' title="bbox 200 593 996 913">
    <p class='ocr_par' dir='ltr' id='par_1_2' title="bbox 200 593 996 913">
     <span class='ocr_line' id='line_1_2' title="bbox 200 593 886 680; baseline -0.004 -20"><span class='ocrx_word' id='word_1_4' title='bbox 200 597 378 680; x_wconf 77' lang='lat' dir='ltr'>Longaevor</span> <span class='ocrx_word' id='word_1_5' title='bbox 399 601 433 660; x_wconf 81' lang='lat' dir='ltr'>et</span> <span class='ocrx_word' id='word_1_6' title='bbox 454 595 564 661; x_wconf 77' lang='lat' dir='ltr'>beatos</span> <span class='ocrx_word' id='word_1_7' title='bbox 585 595 620 659; x_wconf 88' lang='lat' dir='ltr'>in</span> <span class='ocrx_word' id='word_1_8' title='bbox 642 601 729 658; x_wconf 79' lang='lat' dir='ltr'>terre</span> <span class='ocrx_word' id='word_1_9' title='bbox 748 593 800 658; x_wconf 79' lang='lat' dir='ltr'>feo</span> <span class='ocrx_word' id='word_1_10' title='bbox 821 613 886 672; x_wconf 82' lang='lat' dir='ltr'>eos,</span> 
     </span>
     <span class='ocr_line' id='line_1_3' title="bbox 246 722 637 806; baseline -0.005 -19"><span class='ocrx_word' id='word_1_11' title='bbox 246 730 279 787; x_wconf 92' lang='lat' dir='ltr'>et</span> <span class='ocrx_word' id='word_1_12' title='bbox 300 745 342 788; x_wconf 90' lang='lat' dir='ltr'>ne</span> <span class='ocrx_word' id='word_1_13' title='bbox 364 722 472 787; x_wconf 77' lang='lat' dir='ltr'>tradas</span> <span class='ocrx_word' id='word_1_14' title='bbox 493 743 637 806; x_wconf 73' lang='lat' dir='ltr'>unquam</span> 
     </span>
     <span class='ocr_line' id='line_1_4' title="bbox 332 843 996 913; baseline -0.006 -2"><span class='ocrx_word' id='word_1_15' title='bbox 332 848 490 913; x_wconf 74' lang='lat' dir='ltr'>voluntati</span> <span class='ocrx_word' id='word_1_16' title='bbox 511 846 727 912; x_wconf 87' lang='lat' dir='ltr'>inimieorum.</span> <span class='ocrx_word' id='word_1_17' title='bbox 772 845 862 908; x_wconf 73' lang='lat' dir='ltr'>Psoi.</span> <span class='ocrx_word' id='word_1_18' title='bbox 885 843 940 908; x_wconf 84' lang='lat' dir='ltr'>xli.</span> <span class='ocrx_word' id='word_1_19' title='bbox 963 847 996 908; x_wconf 78' lang='lat'>2.</span> 
     </span>
    </p>
   </div>
   <div class='ocr_carea' id='block_1_3' title="bbox 205 1092 1056 1295">
    <p class='ocr_par' dir='ltr' id='par_1_3' title="bbox 205 1092 1056 1295">
     <span class='ocr_line' id='line_1_5' title="bbox 205 1092 957 1163; baseline -0.009 0"><span class='ocrx_word' id='word_1_20' title='bbox 205 1096 273 1163; x_wconf 80' lang='lat' dir='ltr'>Qui</span> <span class='ocrx_word' id='word_1_21' title='bbox 294 1094 543 1162; x_wconf 74' lang='lat' dir='ltr'>domesticorum</span> <span class='ocrx_word' id='word_1_22' title='bbox 564 1113 676 1159; x_wconf 80' lang='lat' dir='ltr'>eurem</span> <span class='ocrx_word' id='word_1_23' title='bbox 695 1113 763 1158; x_wconf 86' lang='lat' dir='ltr'>non</span> <span class='ocrx_word' id='word_1_24' title='bbox 783 1092 957 1158; x_wconf 74' lang='lat' dir='ltr'>habentem</span> 
     </span>
     <span class='ocr_line' id='line_1_6' title="bbox 291 1215 1056 1295; baseline -0.009 -13"><span class='ocrx_word' id='word_1_25' title='bbox 291 1217 416 1282; x_wconf 90' lang='lat' dir='ltr'>infideli</span> <span class='ocrx_word' id='word_1_26' title='bbox 438 1216 630 1282; x_wconf 80' lang='lat' dir='ltr'>deteriorem</span> <span class='ocrx_word' id='word_1_27' title='bbox 650 1215 781 1295; x_wconf 68' lang='lat' dir='ltr'>notasti,</span> <span class='ocrx_word' id='word_1_28' title='bbox 828 1218 844 1280; x_wconf 97' lang='lat' dir='ltr'>l</span> <span class='ocrx_word' id='word_1_29' title='bbox 872 1215 950 1281; x_wconf 73' lang='lat' dir='ltr'>iim.</span> <span class='ocrx_word' id='word_1_30' title='bbox 972 1235 1002 1277; x_wconf 86' lang='lat' dir='ltr'>v.</span> <span class='ocrx_word' id='word_1_31' title='bbox 1025 1216 1056 1276; x_wconf 90' lang='lat'>8.</span> 
     </span>
    </p>
   </div>
   <div class='ocr_carea' id='block_1_4' title="bbox 140 1342 1243 1809">
    <p class='ocr_par' dir='ltr' id='par_1_4' title="bbox 140 1342 1243 1809">
     <span class='ocr_line' id='line_1_7' title="bbox 205 1342 785 1426; baseline -0.005 -17"><span class='ocrx_word' id='word_1_32' title='bbox 205 1345 337 1410; x_wconf 83' lang='lat' dir='ltr'>Memor</span> <span class='ocrx_word' id='word_1_33' title='bbox 357 1350 426 1408; x_wconf 70' lang='lat' dir='ltr'>esto</span> <span class='ocrx_word' id='word_1_34' title='bbox 446 1343 483 1407; x_wconf 89' lang='lat' dir='ltr'>in</span> <span class='ocrx_word' id='word_1_35' title='bbox 503 1342 705 1426; x_wconf 70' lang='lat' dir='ltr'>beneplacito</span> <span class='ocrx_word' id='word_1_36' title='bbox 726 1348 785 1406; x_wconf 85' lang='lat' dir='ltr'>mo</span> 
     </span>
     <span class='ocr_line' id='line_1_8' title="bbox 293 1469 742 1536; baseline -0.011 0"><span class='ocrx_word' id='word_1_37' title='bbox 293 1471 438 1536; x_wconf 88' lang='lat' dir='ltr'>omnium</span> <span class='ocrx_word' id='word_1_38' title='bbox 460 1469 496 1534; x_wconf 94' lang='lat' dir='ltr'>in</span> <span class='ocrx_word' id='word_1_39' title='bbox 517 1469 640 1534; x_wconf 74' lang='lat' dir='ltr'>familie</span> <span class='ocrx_word' id='word_1_40' title='bbox 660 1489 742 1532; x_wconf 84' lang='lat' dir='ltr'>mee.</span> 
     </span>
     <span class='ocr_line' id='line_1_9' title="bbox 140 1597 566 1675; baseline 0.002 -12"><span class='ocrx_word' id='word_1_41' title='bbox 140 1607 144 1613; x_wconf 86' lang='grc'><strong>“</strong></span> <span class='ocrx_word' id='word_1_42' title='bbox 252 1599 320 1663; x_wconf 74' lang='lat' dir='ltr'>Pax</span> <span class='ocrx_word' id='word_1_43' title='bbox 341 1597 453 1664; x_wconf 85' lang='lat' dir='ltr'>domui</span> <span class='ocrx_word' id='word_1_44' title='bbox 474 1616 566 1675; x_wconf 73' lang='lat' dir='ltr'>mete,</span> 
     </span>
     <span class='ocr_line' id='line_1_10' title="bbox 295 1715 1243 1809; baseline -0.012 -19"><span class='ocrx_word' id='word_1_45' title='bbox 295 1724 396 1789; x_wconf 75' lang='lat' dir='ltr'>Filius</span> <span class='ocrx_word' id='word_1_46' title='bbox 417 1725 505 1809; x_wconf 84' lang='lat' dir='ltr'>pecie</span> <span class='ocrx_word' id='word_1_47' title='bbox 528 1745 624 1807; x_wconf 81' lang='lat' dir='ltr'>super</span> <span class='ocrx_word' id='word_1_48' title='bbox 645 1722 797 1787; x_wconf 76' lang='lat' dir='ltr'>omnibus</span> <span class='ocrx_word' id='word_1_49' title='bbox 818 1722 854 1785; x_wconf 91' lang='lat' dir='ltr'>in</span> <span class='ocrx_word' id='word_1_50' title='bbox 876 1741 923 1785; x_wconf 82' lang='lat' dir='ltr'>ee.</span> <span class='ocrx_word' id='word_1_51' title='bbox 967 1719 1045 1782; x_wconf 70' lang='lat' dir='ltr'>Luc.</span> <span class='ocrx_word' id='word_1_52' title='bbox 1067 1738 1099 1782; x_wconf 85' lang='lat' dir='ltr'>x.</span> <span class='ocrx_word' id='word_1_53' title='bbox 1122 1719 1155 1796; x_wconf 76' lang='grc' dir='ltr'>ὅ,</span> <span class='ocrx_word' id='word_1_54' title='bbox 1183 1715 1243 1800; x_wconf 90' lang='grc'><strong>[6.]</strong></span> 
     </span>
    </p>
   </div>
   <div class='ocr_carea' id='block_1_5' title="bbox 179 1973 951 2433">
    <p class='ocr_par' dir='ltr' id='par_1_5' title="bbox 179 1973 951 2433">
     <span class='ocr_line' id='line_1_11' title="bbox 211 1973 869 2059; baseline -0.009 -15"><span class='ocrx_word' id='word_1_55' title='bbox 211 1977 278 2044; x_wconf 83' lang='lat' dir='ltr'>Qui</span> <span class='ocrx_word' id='word_1_56' title='bbox 300 1977 348 2041; x_wconf 79' lang='lat' dir='ltr'>vie</span> <span class='ocrx_word' id='word_1_57' title='bbox 366 1973 529 2059; x_wconf 78' lang='lat' dir='ltr'>justitiam</span> <span class='ocrx_word' id='word_1_58' title='bbox 551 1981 694 2038; x_wconf 77' lang='lat' dir='ltr'>nostram</span> <span class='ocrx_word' id='word_1_59' title='bbox 716 1974 869 2039; x_wconf 83' lang='lat' dir='ltr'>excedere</span> 
     </span>
     <span class='ocr_line' id='line_1_12' title="bbox 292 2101 951 2186; baseline -0.003 -20"><span class='ocrx_word' id='word_1_60' title='bbox 292 2102 455 2186; x_wconf 77' lang='lat' dir='ltr'>justitiam</span> <span class='ocrx_word' id='word_1_61' title='bbox 476 2108 691 2185; x_wconf 76' lang='lat' dir='ltr'>peecatorum,</span> <span class='ocrx_word' id='word_1_62' title='bbox 735 2101 874 2166; x_wconf 84' lang='lat' dir='ltr'>Mot.&#39;v.</span> <span class='ocrx_word' id='word_1_63' title='bbox 896 2102 951 2166; x_wconf 80' lang='lat'>20.</span> 
     </span>
     <span class='ocr_line' id='line_1_13' title="bbox 256 2227 688 2293; baseline -0.002 -1"><span class='ocrx_word' id='word_1_64' title='bbox 256 2229 434 2293; x_wconf 80' lang='lat' dir='ltr'>Redemere</span> <span class='ocrx_word' id='word_1_65' title='bbox 456 2227 521 2291; x_wconf 90' lang='lat' dir='ltr'>mei</span> <span class='ocrx_word' id='word_1_66' title='bbox 543 2234 688 2291; x_wconf 74' lang='lat' dir='ltr'>amantes</span> 
     </span>
     <span class='ocr_line' id='line_1_14' title="bbox 179 2353 834 2433; baseline 0 -14"><span class='ocrx_word' id='word_1_67' title='bbox 179 2386 185 2395; x_wconf 88' lang='lat'><strong>·</strong></span> <span class='ocrx_word' id='word_1_68' title='bbox 298 2356 350 2419; x_wconf 81' lang='lat' dir='ltr'>Da</span> <span class='ocrx_word' id='word_1_69' title='bbox 371 2354 452 2419; x_wconf 90' lang='lat' dir='ltr'>mihi</span> <span class='ocrx_word' id='word_1_70' title='bbox 472 2353 622 2433; x_wconf 90' lang='lat' dir='ltr'>Domine,</span> <span class='ocrx_word' id='word_1_71' title='bbox 672 2355 756 2418; x_wconf 79' lang='lat' dir='ltr'>Vere.</span> <span class='ocrx_word' id='word_1_72' title='bbox 779 2358 834 2419; x_wconf 82' lang='grc'>46.</span> 
     </span>
    </p>
   </div>
   <div class='ocr_carea' id='block_1_6' title="bbox 386 2482 891 2565">
    <p class='ocr_par' dir='ltr' id='par_1_6' title="bbox 386 2482 891 2565">
     <span class='ocr_line' id='line_1_15' title="bbox 386 2482 891 2565; baseline -0.006 -17"><span class='ocrx_word' id='word_1_73' title='bbox 386 2484 518 2547; x_wconf 75' lang='lat' dir='ltr'>Amicos</span> <span class='ocrx_word' id='word_1_74' title='bbox 540 2503 629 2546; x_wconf 81' lang='lat' dir='ltr'>meos</span> <span class='ocrx_word' id='word_1_75' title='bbox 650 2488 684 2546; x_wconf 87' lang='lat' dir='ltr'>et</span> <span class='ocrx_word' id='word_1_76' title='bbox 704 2482 805 2565; x_wconf 76' lang='lat' dir='ltr'>petrin</span> <span class='ocrx_word' id='word_1_77' title='bbox 826 2482 891 2545; x_wconf 90' lang='lat' dir='ltr'>mei</span> 
     </span>
    </p>
   </div>
   <div class='ocr_carea' id='block_1_7' title="bbox 300 2586 1348 2693">
    <p class='ocr_par' dir='ltr' id='par_1_7' title="bbox 300 2586 1348 2693">
     <span class='ocr_line' id='line_1_16' title="bbox 300 2586 1348 2693; baseline 0.001 -19"><span class='ocrx_word' id='word_1_78' title='bbox 300 2609 528 2676; x_wconf 76' lang='lat' dir='ltr'>Etmioomm</span> <span class='ocrx_word' id='word_1_79' title='bbox 536 2609 651 2675; x_wconf 76' lang='lat' dir='ltr'>liberos</span> <span class='ocrx_word' id='word_1_80' title='bbox 659 2629 826 2693; x_wconf 79' lang='lat' dir='ltr'>nunquam</span> <span class='ocrx_word' id='word_1_81' title='bbox 837 2586 1066 2692; x_wconf 83' lang='lat' dir='ltr'>derelinquere.</span> <span class='ocrx_word' id='word_1_82' title='bbox 1083 2609 1178 2675; x_wconf 84' lang='lat' dir='ltr'>Prov.</span> <span class='ocrx_word' id='word_1_83' title='bbox 1188 2610 1284 2676; x_wconf 81' lang='lat' dir='ltr'>xxvii.</span> <span class='ocrx_word' id='word_1_84' title='bbox 1297 2613 1348 2675; x_wconf 92' lang='grc'>10.</span> 
     </span>
    </p>
   </div>
   <div class='ocr_carea' id='block_1_8' title="bbox 216 2861 1268 3577">
    <p class='ocr_par' dir='ltr' id='par_1_8' title="bbox 216 2861 1268 3577">
     <span class='ocr_line' id='line_1_17' title="bbox 217 2861 1264 2947; baseline -0.005 -16"><span class='ocrx_word' id='word_1_85' title='bbox 217 2863 284 2931; x_wconf 77' lang='lat' dir='ltr'>Qui</span> <span class='ocrx_word' id='word_1_86' title='bbox 294 2862 456 2926; x_wconf 78' lang='lat' dir='ltr'>mandasti</span> <span class='ocrx_word' id='word_1_87' title='bbox 469 2861 563 2927; x_wconf 79' lang='lat' dir='ltr'>nobie</span> <span class='ocrx_word' id='word_1_88' title='bbox 576 2861 703 2927; x_wconf 84' lang='lat' dir='ltr'>vincere</span> <span class='ocrx_word' id='word_1_89' title='bbox 713 2861 749 2925; x_wconf 91' lang='lat' dir='ltr'>in</span> <span class='ocrx_word' id='word_1_90' title='bbox 763 2862 849 2928; x_wconf 94' lang='lat' dir='ltr'>bono</span> <span class='ocrx_word' id='word_1_91' title='bbox 859 2862 992 2943; x_wconf 82' lang='lat' dir='ltr'>melum,</span> <span class='ocrx_word' id='word_1_92' title='bbox 1009 2861 1112 2947; x_wconf 85' lang='lat' dir='ltr'>[Rom.</span> <span class='ocrx_word' id='word_1_93' title='bbox 1123 2863 1179 2927; x_wconf 83' lang='lat' dir='ltr'>xii.</span> <span class='ocrx_word' id='word_1_94' title='bbox 1194 2862 1264 2946; x_wconf 85' lang='lat'><strong>21.]</strong></span> 
     </span>
     <span class='ocr_line' id='line_1_18' title="bbox 216 2989 1268 3076; baseline 0.001 -21"><span class='ocrx_word' id='word_1_95' title='bbox 216 2992 262 3056; x_wconf 78' lang='lat' dir='ltr'>nt</span> <span class='ocrx_word' id='word_1_96' title='bbox 270 3011 361 3055; x_wconf 84' lang='lat' dir='ltr'>orare</span> <span class='ocrx_word' id='word_1_97' title='bbox 369 3011 427 3074; x_wconf 89' lang='lat' dir='ltr'>pro</span> <span class='ocrx_word' id='word_1_98' title='bbox 438 2989 711 3054; x_wconf 77' lang='lat' dir='ltr'>calumniantibus</span> <span class='ocrx_word' id='word_1_99' title='bbox 723 2997 756 3054; x_wconf 84' lang='lat' dir='ltr'>et</span> <span class='ocrx_word' id='word_1_100' title='bbox 767 2989 1041 3074; x_wconf 78' lang='lat' dir='ltr'>persequentibur‚</span> <span class='ocrx_word' id='word_1_101' title='bbox 1055 2990 1153 3076; x_wconf 74' lang='lat' dir='ltr'>[Mat.</span> <span class='ocrx_word' id='word_1_102' title='bbox 1159 3013 1190 3055; x_wconf 87' lang='lat' dir='ltr'>v.</span> <span class='ocrx_word' id='word_1_103' title='bbox 1200 2990 1268 3074; x_wconf 79' lang='grc'><strong>44.]</strong></span> 
     </span>
     <span class='ocr_line' id='line_1_19' title="bbox 262 3118 1034 3199; baseline 0.001 -17"><span class='ocrx_word' id='word_1_104' title='bbox 262 3119 419 3183; x_wconf 81' lang='lat' dir='ltr'>Miserere</span> <span class='ocrx_word' id='word_1_105' title='bbox 439 3118 642 3184; x_wconf 84' lang='lat' dir='ltr'>inimieorum</span> <span class='ocrx_word' id='word_1_106' title='bbox 665 3124 859 3198; x_wconf 79' lang='lat' dir='ltr'>nostrorum,</span> <span class='ocrx_word' id='word_1_107' title='bbox 882 3119 1034 3199; x_wconf 86' lang='lat' dir='ltr'>Domine,</span> 
     </span>
     <span class='ocr_line' id='line_1_20' title="bbox 307 3243 669 3327; baseline -0.003 -19"><span class='ocrx_word' id='word_1_108' title='bbox 307 3244 399 3309; x_wconf 82' lang='lat' dir='ltr'>Siout</span> <span class='ocrx_word' id='word_1_109' title='bbox 421 3250 454 3308; x_wconf 87' lang='lat' dir='ltr'>et</span> <span class='ocrx_word' id='word_1_110' title='bbox 474 3245 539 3308; x_wconf 93' lang='lat' dir='ltr'>mei</span> <span class='ocrx_word' id='word_1_111' title='bbox 560 3243 669 3327; x_wconf 76' lang='lat' dir='ltr'>ipsius,</span> 
     </span>
     <span class='ocr_line' id='line_1_21' title="bbox 349 3370 828 3454; baseline 0.002 -21"><span class='ocrx_word' id='word_1_112' title='bbox 349 3376 383 3434; x_wconf 83' lang='lat' dir='ltr'>et</span> <span class='ocrx_word' id='word_1_113' title='bbox 404 3370 524 3454; x_wconf 82' lang='lat' dir='ltr'>perduc</span> <span class='ocrx_word' id='word_1_114' title='bbox 546 3391 600 3435; x_wconf 75' lang='lat' dir='ltr'>eos</span> <span class='ocrx_word' id='word_1_115' title='bbox 621 3371 657 3435; x_wconf 94' lang='lat' dir='ltr'>in</span> <span class='ocrx_word' id='word_1_116' title='bbox 680 3372 828 3454; x_wconf 84' lang='lat' dir='ltr'>Regnum</span> 
     </span>
     <span class='ocr_line' id='line_1_22' title="bbox 393 3497 899 3577; baseline 0.006 -18"><span class='ocrx_word' id='word_1_117' title='bbox 393 3505 488 3560; x_wconf 86' lang='lat' dir='ltr'>tuum</span> <span class='ocrx_word' id='word_1_118' title='bbox 510 3497 651 3577; x_wconf 80' lang='lat' dir='ltr'>ooeleste,</span> <span class='ocrx_word' id='word_1_119' title='bbox 674 3498 759 3562; x_wconf 77' lang='lat' dir='ltr'>siout</span> <span class='ocrx_word' id='word_1_120' title='bbox 781 3505 814 3563; x_wconf 85' lang='lat' dir='ltr'>et</span> <span class='ocrx_word' id='word_1_121' title='bbox 835 3519 899 3563; x_wconf 90' lang='lat' dir='ltr'>me.</span> 
     </span>
    </p>
   </div>
   <div class='ocr_carea' id='block_1_9' title="bbox 225 3729 1276 4213">
    <p class='ocr_par' dir='ltr' id='par_1_9' title="bbox 225 3729 1276 4213">
     <span class='ocr_line' id='line_1_23' title="bbox 311 3729 1049 3832; baseline -0.005 -16"><span class='ocrx_word' id='word_1_122' title='bbox 311 3751 376 3816; x_wconf 81' lang='lat' dir='ltr'>Qui</span> <span class='ocrx_word' id='word_1_123' title='bbox 397 3749 513 3832; x_wconf 81' lang='lat' dir='ltr'>oooipie</span> <span class='ocrx_word' id='word_1_124' title='bbox 535 3769 645 3832; x_wconf 75' lang='lat' dir='ltr'>preces</span> <span class='ocrx_word' id='word_1_125' title='bbox 667 3769 829 3813; x_wconf 74' lang='lat' dir='ltr'>servornm</span> <span class='ocrx_word' id='word_1_126' title='bbox 850 3755 981 3813; x_wconf 87' lang='lat' dir='ltr'>tuorum</span> <span class='ocrx_word' id='word_1_127' title='bbox 1040 3729 1049 3746; x_wconf 70' lang='grc'><strong>’</strong></span> 
     </span>
     <span class='ocr_line' id='line_1_24' title="bbox 482 3877 765 3960; baseline -0.004 -19"><span class='ocrx_word' id='word_1_128' title='bbox 482 3898 540 3960; x_wconf 89' lang='lat' dir='ltr'>pro</span> <span class='ocrx_word' id='word_1_129' title='bbox 562 3898 596 3941; x_wconf 77' lang='lat' dir='ltr'>ee</span> <span class='ocrx_word' id='word_1_130' title='bbox 617 3877 765 3955; x_wconf 87' lang='lat' dir='ltr'>invioem,</span> 
     </span>
     <span class='ocr_line' id='line_1_25' title="bbox 225 4002 1276 4082; baseline 0.003 -15"><span class='ocrx_word' id='word_1_131' title='bbox 225 4004 403 4082; x_wconf 86' lang='lat' dir='ltr'>Memento,</span> <span class='ocrx_word' id='word_1_132' title='bbox 420 4003 569 4081; x_wconf 88' lang='lat' dir='ltr'>Domine,</span> <span class='ocrx_word' id='word_1_133' title='bbox 590 4002 625 4066; x_wconf 93' lang='lat' dir='ltr'>in</span> <span class='ocrx_word' id='word_1_134' title='bbox 645 4002 777 4082; x_wconf 89' lang='lat' dir='ltr'>bonum,</span> <span class='ocrx_word' id='word_1_135' title='bbox 798 4002 889 4067; x_wconf 83' lang='lat' dir='ltr'>etde</span> <span class='ocrx_word' id='word_1_136' title='bbox 902 4002 1153 4070; x_wconf 80' lang='lat' dir='ltr'>mioerioordiem</span> <span class='ocrx_word' id='word_1_137' title='bbox 1173 4004 1276 4071; x_wconf 90' lang='lat' dir='ltr'>omni·</span> 
     </span>
     <span class='ocr_line' id='line_1_26' title="bbox 268 4129 864 4213; baseline 0.003 -19"><span class='ocrx_word' id='word_1_138' title='bbox 268 4131 330 4194; x_wconf 80' lang='lat' dir='ltr'>bue</span> <span class='ocrx_word' id='word_1_139' title='bbox 353 4131 409 4213; x_wconf 89' lang='lat' dir='ltr'>qui</span> <span class='ocrx_word' id='word_1_140' title='bbox 432 4152 485 4194; x_wconf 90' lang='lat' dir='ltr'>me</span> <span class='ocrx_word' id='word_1_141' title='bbox 507 4131 544 4193; x_wconf 91' lang='lat' dir='ltr'>in</span> <span class='ocrx_word' id='word_1_142' title='bbox 566 4130 721 4194; x_wconf 83' lang='lat' dir='ltr'>memoria</span> <span class='ocrx_word' id='word_1_143' title='bbox 742 4129 864 4196; x_wconf 79' lang='lat' dir='ltr'>hebent</span> 
     </span>
    </p>
   </div>
   <div class='ocr_carea' id='block_1_10' title="bbox 440 4257 752 4340">
    <p class='ocr_par' dir='ltr' id='par_1_10' title="bbox 440 4257 752 4340">
     <span class='ocr_line' id='line_1_27' title="bbox 440 4257 752 4340; baseline 0.003 -20"><span class='ocrx_word' id='word_1_144' title='bbox 440 4258 475 4320; x_wconf 89' lang='lat' dir='ltr'>in</span> <span class='ocrx_word' id='word_1_145' title='bbox 496 4257 645 4340; x_wconf 83' lang='lat' dir='ltr'>precibus</span> <span class='ocrx_word' id='word_1_146' title='bbox 669 4259 752 4335; x_wconf 78' lang='lat' dir='ltr'>suis3</span> 
     </span>
    </p>
   </div>
   <div class='ocr_carea' id='block_1_11' title="bbox 0 0 1460 5002">
    <p class='ocr_par' dir='ltr' id='par_1_11' title="bbox 0 0 1460 5002">
     <span class='ocr_line' id='line_1_28' title="bbox 0 0 1460 5002; baseline 0 0"><span class='ocrx_word' id='word_1_147' title='bbox 0 0 1460 5002; x_wconf 95' lang='lat' dir='ltr'> </span> 
     </span>
    </p>
   </div>
  </div>
 </body>
</html>
