2910 5002
249 437 315 499 338
533 429 706 497 PRECES
729 429 1045 498 QUOTIDIANAE.

251 603 317 671 Qui
339 622 450 666 omnes
472 601 518 664 vis
540 600 654 676 salvos,
701 599 717 661 1
746 600 821 663 iim.
845 599 878 662 ii.
901 602 932 663 4·

338 732 404 799 Qui
425 730 588 795 neminem
611 730 658 794 vis
681 727 793 812 perire.
839 729 860 790 2
883 728 952 791 Pet.
976 726 1020 790 ιιι.
1043 727 1074 789 9.

466 986 550 1049 Ecoe
574 1005 635 1063 me,
659 984 808 1061 Domine,

337 1113 465 1197 proprio
483 1111 606 1197 judicio
628 1109 885 1175 condemnatum.
935 1110 996 1174 tte.
1019 1108 1064 1172 iii
1089 1110 1140 1172 11.

252 1239 358 1305 Ecce!
381 1247 424 1318 et,
452 1240 482 1303 0
504 1239 656 1317 Domine,
682 1258 723 1301 ne
745 1238 847 1302 intres
869 1238 918 1300 Tu
940 1237 975 1300 ιιι
996 1236 1156 1321 judicium

426 1389 499 1432 oum
514 1388 604 1432 servo
626 1367 705 1431 Tuo.
752 1367 839 1428 Psal.
864 1365 961 1430 cxliii.
984 1368 1015 1430 2.
1115 1426 1124 1435 ,

252 1497 365 1560 Minor
387 1517 460 1559 sum
482 1494 618 1572 cunctis,
642 1493 740 1557 etiam
762 1493 915 1572 minimis,

426 1621 684 1687 miserationibus
707 1621 793 1685 Tuis.
843 1621 918 1685 Gen.
942 1620 1036 1684 xxxii.
1063 1623 1113 1685 10.

254 1752 332 1815 Non
354 1773 424 1815 sum
448 1750 565 1833 dignus
587 1749 657 1813 fieri
678 1771 764 1813 unus
786 1770 825 1813 ex
846 1725 1051 1813 mercenariis

426 1880 513 1958 Tuis,
536 1900 579 1943 ne
600 1879 741 1942 infimus.
787 1879 863 1943 Luc.
888 1901 936 1942 xv.
963 1879 1013 1942 19.

255 2009 332 2072 Νοιι
362 2029 433 2071 sum
465 2006 583 2089 dignus
611 2006 713 2085 micis,
738 2028 808 2090 quoe
839 2006 879 2071 de
909 2027 1022 2071 mensa
1049 2006 1120 2070 Tua
1147 2003 1313 2069 decidunt.

430 2135 528 2197 Mart.
551 2156 600 2197 xv.
624 2135 677 2199 27.

256 2264 336 2329 Non
344 2284 416 2327 sum
425 2262 541 2346 dignus
549 2270 683 2347 tangere
692 2263 941 2327 vestimenti'Pui
950 2262 1119 2327 fimbriam.
1136 2260 1282 2326 Mattix.
1290 2260 1345 2324 21.
1438 2342 1441 2347 Ι

346 2520 390 2582 Et
412 2540 510 2595 nune,
535 2519 684 2598 Domine,

262 2646 463 2712 Humiliatus
486 2647 546 2711 sub
568 2648 694 2730 potenti
715 2668 815 2711 manu
837 2648 915 2726 Τιιι,
964 2651 979 2712 1
1005 2649 1074 2710 Pet.
1098 2668 1126 2709 v.
1151 2646 1181 2708 6.

353 2776 462 2841 Fleoto
484 2797 591 2860 genus
612 2775 653 2839 ad
674 2776 729 2854 Te,
753 2775 902 2853 Domine,

440 2903 577 2967 Procido
599 2903 634 2965 in
655 2910 785 2981 terrum,

564 3030 600 3092 in
621 3029 736 3093 faeiem
759 3049 875 3092 meam.

264 3157 421 3240 Expando
443 3179 559 3222 manus
581 3179 670 3223 meos
693 3157 735 3222 ad
758 3159 813 3236 Te,

351 3282 472 3346 Anima
485 3304 557 3346 mea
572 3285 655 3349 siout
669 3293 756 3349 terra
771 3286 840 3348 sine
856 3305 938 3367 aqua
955 3283 1036 3348 'libi
1071 3283 1160 3348 Psoi.
1175 3283 1270 3347 oxliii.
1287 3286 1318 3346 6.

264 3411 343 3474 Non
365 3410 468 3473 audeo
489 3410 610 3474 nedum
633 3413 741 3476 oculos
764 3413 804 3476 ad
826 3413 923 3478 ooelos
945 3413 1059 3489 levare,

353 3536 409 3600 sed
431 3536 575 3619 percutio
596 3544 708 3620 pectus
729 3560 846 3602 meum.
892 3540 971 3603 Luc.
993 3538 1077 3602 xviii.
1104 3539 1153 3600 13.

267 3665 317 3729 De
332 3665 500 3750 profundis
515 3666 663 3730 clamavit
679 3667 720 3731 ad
735 3668 780 3730 Te
795 3667 903 3732 anima
917 3690 998 3742 mea,
1045 3668 1144 3752 [Psol.
1162 3687 1250 3731 cxxx.
1269 3665 1315 3749 1.]

355 3801 388 3857 et
410 3794 518 3857 omnin
540 3815 609 3858 ossa
630 3815 711 3874 mea,

399 3929 432 3984 et
454 3923 563 3986 omnia
585 3945 656 4006 quae
678 3923 764 3986 intra
784 3943 837 3986 me
860 3929 948 4000 sunt,
993 3921 1078 3984 Psol.
1102 3920 1164 3984 ciii.
1190 3919 1218 3982 1.

270 4050 404 4132 Propter
425 4069 577 4130 magnum
599 4049 851 4114 misericordiam
873 4050 985 4127 Tuam,
1033 4049 1133 4133 [Psoi.
1157 4049 1191 4113 li.
1216 4047 1263 4136 1.]

357 4171 598 4237 multitudinem
613 4175 854 4239 miserationum
869 4174 1019 4240 [tuarum.
1046 4177 1146 4261 [Psoi.
1163 4177 1239 4241 lxix.
1256 4174 1322 4259 16.]

272 4303 406 4384 Propter
426 4320 546 4364 nomen
568 4300 683 4378 Tuum,
764 4332 778 4351 ··
