2910 5002
435 452 604 519 PRECES
633 448 952 517 QUOTIDIANAE.
1157 448 1220 512 271

167 622 299 705 Angelis
314 620 392 686 Tuis
413 622 531 686 manda
548 621 588 685 de
605 642 668 700 me,
684 625 722 682 ut
742 617 924 682 custodient
942 616 1046 680 mein
1067 616 1127 680 viis
1147 610 1221 680 tuis.

258 749 361 834 [Paul.
384 750 445 814 xci.
470 749 535 832 11.]

167 876 246 939 Vias
269 877 353 940 'luas
374 877 560 940 demonstra
582 875 672 954 mihi,

339 1009 372 1066 et
394 1002 523 1066 semitas
545 1003 630 1065 Tuas
653 1000 750 1065 edoce
771 1006 835 1063 me.
882 999 981 1083 [Paul.
1004 1019 1075 1062 xxv.
1099 996 1145 1080 4.]

169 1132 306 1195 Gressus
328 1153 417 1194 meos
440 1130 542 1214 dirige
565 1129 743 1217 secundum
767 1127 931 1211 eloquium
954 1128 1072 1203 Tuum,

212 1266 244 1322 et
255 1281 321 1323 non
333 1260 517 1324 dominetur
527 1259 607 1322 mihi
617 1258 720 1323 omnis
731 1257 902 1341 injustitia.
927 1256 1030 1340 [Paul.
1041 1254 1121 1320 cxix.
1134 1252 1221 1336 133]

168 1387 281 1470 Dirige
304 1408 433 1470 gressus
457 1408 544 1451 meos
565 1388 601 1449 in
623 1387 744 1451 semitis
767 1386 855 1464 Tuis,

258 1522 386 1578 utnon
407 1521 597 1578 moveantur
619 1514 753 1597 vestigia
774 1534 856 1576 mea.
903 1511 1001 1595 [Psal.
1024 1511 1097 1573 xvii.
1120 1509 1165 1592 5.]

169 1640 269 1703 Mitte
292 1661 474 1704 sermonem
496 1647 620 1704 rectum
641 1640 678 1702 in
696 1660 731 1702 os
754 1658 873 1716 meum,
889 1644 923 1701 et
939 1636 1022 1701 bene
1042 1644 1221 1714 sonantem,

212 1773 250 1831 ut
271 1767 389 1850 placita
410 1767 476 1829 sint
499 1767 608 1830 omnia
629 1765 727 1830 verba
747 1786 830 1844 mea,

246 1899 289 1956 'et
310 1893 428 1971 vultus,
452 1901 485 1956 et
508 1900 627 1976 gestus,
650 1900 684 1956 et
705 1891 816 1956 omnia
837 1912 934 1974 opera
954 1912 1036 1969 mea,

299 2018 450 2083 omnibus
472 2018 667 2098 hominibus,
683 2040 736 2082 me
754 2017 936 2082 videntibus
956 2024 989 2081 et
1009 2016 1223 2095 audientibus,

213 2153 251 2210 ut
277 2146 438 2210 inveniam
458 2146 595 2230 gratiam
624 2147 660 2209 in
683 2145 835 2209 omnibus
862 2144 1064 2210 sermonibus
1086 2151 1119 2208 et
1141 2144 1224 2227 peti·

301 2273 444 2338 tionibus
467 2273 557 2336 meis.

172 2527 309 2590 Amator
330 2527 510 2604 hominum,
533 2523 755 2611 φιλάνθρωπε.
804 2526 865 2588 ru.
888 2525 933 2591 iii.
956 2530 987 2589 4.

174 2652 354 2716 Multorum
369 2652 527 2717 bonorum
541 2653 709 2732 viscerum,
725 2651 1050 2741 πολυεύσπλωγχνος.
1083 2653 1153 2718 Jcc
1170 2675 1200 2718 v.
1214 2657 1265 2718 ll.

174 2780 269 2843 Pater
291 2780 590 2860 misericordiarum,
635 2785 656 2846 2
681 2781 750 2845 Cor.
775 2782 795 2845 i.
819 2785 851 2846 3.

174 2905 271 2968 Dives
287 2905 502 2970 misericordis
511 2928 588 2990 erga
598 2927 710 2971 omnes
723 2907 778 2990 qui
792 2907 945 2972 invocant
960 2908 1015 2970 ue.
1031 2908 1120 2971 Rom.
1133 2929 1162 2972 x.
1175 2910 1225 2974 12.

174 3031 306 3094 Peccavi
327 3031 362 3093 in
385 3032 512 3109 coelum,
536 3039 569 3096 et
591 3053 698 3097 ooram
720 3033 776 3111 Te,

346 3179 406 3221 nec
428 3180 499 3222 snm
522 3159 639 3242 dignus
661 3159 766 3224 vocari
788 3159 886 3239 filius,
933 3160 1010 3225 Luc.
1033 3182 1084 3224 xv.
1109 3161 1160 3224 19.

259 3304 320 3348 nec
342 3305 413 3348 sum
437 3285 553 3369 dignus
575 3287 644 3349 fieri
666 3288 892 3366 mercenarius,

389 3432 431 3474 ne
451 3412 582 3475 infimus
604 3413 743 3495 quidemss

175 3537 297 3599 Verum
318 3537 466 3619 poenitet.
513 3538 609 3602 Heu!
640 3540 797 3624 poenitet;

174 3663 302 3744 Adjuva
322 3664 372 3726 Pu
392 3664 664 3748 impoenitentiam
686 3688 803 3746 meam,
847 3668 956 3730 Marc.
977 3666 1021 3730 ix.
1043 3670 1096 3731 24.

219 3789 262 3851 Et
284 3789 312 3852 si
334 3791 419 3872 quod
441 3792 592 3856 solatium
614 3793 790 3871 charitatis,
836 3795 922 3856 Phil.
945 3794 979 3856 ii.
1004 3794 1032 3855 1.

222 3917 356 3999 Propter
377 3919 498 3982 viscere
519 3920 771 3999 miserationum,
822 3921 912 4005 [laic.
933 3920 956 3983 i.
981 3919 1048 4001 78.]

221 4042 356 4126 Propter
377 4045 630 4126 multitudinem,
678 4046 777 4132 [Psal.
800 4047 834 4110 li.
860 4046 905 4128 1.]

219 4170 354 4253 Propter
377 4171 504 4236 divitias
526 4175 638 4256 gratim
660 4176 747 4254 Pure,
794 4176 878 4256 pr.
900 4174 923 4237 i.
948 4179 980 4239 7.
