2910 5002
482 435 650 501 PRECES
675 436 994 503 QUOTIDIANAE.
1223 441 1261 507 51

209 654 217 659 .
300 601 330 664 0
352 599 387 664 in
410 621 509 685 quem
528 610 736 686 speraverunt
758 603 870 667 Patres
891 604 1004 680 nostri,

472 736 506 792 et
526 729 671 793 liberasti
693 751 759 809 eos,

425 856 461 919 in
485 878 580 940 quem
603 865 822 940 speraverunt,

426 992 460 1048 et
481 1005 549 1049 non
570 993 647 1051 sunt
668 985 804 1063 confusi,
848 987 937 1050 Psol.
960 987 1036 1051 xxii.
1058 991 1092 1068 4,
1115 989 1148 1053 5.

426 1111 456 1175 Ο
479 1133 550 1195 spes
570 1132 644 1176 mes
665 1134 685 1175 a
702 1114 883 1197 juventute,
933 1115 1022 1180 Psol.
1045 1116 1122 1180 lxxi
1145 1120 1177 1181 4.

424 1239 465 1303 ab
487 1240 640 1306 uberibus
661 1242 773 1306 metris
794 1263 886 1322 meae,

337 1367 380 1431 In
395 1389 490 1451 quem
505 1369 667 1453 projectus
683 1391 755 1433 sum
769 1390 809 1434 ex
822 1377 925 1449 utero,
962 1372 1051 1437 Psol.
1067 1372 1141 1438 xxii.
1160 1377 1193 1452 9,
1211 1374 1263 1438 10.

466 1497 549 1561 Esto
570 1504 609 1560 tu
631 1518 702 1581 spes
723 1519 797 1562 mes

466 1623 584 1688 dehine
607 1631 640 1688 et
662 1646 797 1709 semper,

336 1750 380 1814 Et
403 1772 471 1816 sors
493 1772 566 1816 mea
587 1752 623 1816 in
645 1760 733 1817 terra
754 1752 941 1818 viventium.
987 1755 1077 1818 Psal.
1101 1754 1185 1819 cxlii.
1207 1756 1239 1819 5.

509 1879 638 1944 Notum
660 1887 728 1960 tua,

478 2003 686 2084 Nominibus,

378 2199 395 2262 I
436 2023 585 2282 J'lypis,

397 2221 419 2263 n
446 2259 595 2454 [Verbo

478 2390 594 2472 Opere,

551 2517 630 2600 Spes
653 2538 735 2580 mes.

462 2643 541 2707 Non
564 2642 741 2706 confundas
765 2664 818 2707 me

503 2771 544 2836 ub
566 2772 720 2837 baumes

462 2899 710 2984 exspectatione.
755 2900 843 2963 Psol.
867 2899 950 2964 cxix.
976 2902 1051 2966 116.

333 3087 363 3149 Ο
385 3106 457 3169 spes
480 3085 625 3149 omnium
647 3083 762 3148 finium
785 3091 890 3164 teme,
936 3087 1023 3149 Psoi
1049 3085 1112 3150 lxv.
1137 3089 1171 3151 5.

372 3211 542 3276 Memento
565 3211 669 3275 omnis
692 3213 856 3277 Creaturae
876 3219 942 3276 tuse
963 3213 999 3276 in
1022 3213 1143 3277 bouum
1160 3236 1168 3291 3

416 3339 522 3402 Visite
543 3339 707 3403 Mundum
730 3339 765 3402 in
789 3339 1006 3407 misericordia
1027 3348 1094 3404 tua.

415 3533 445 3596 0
470 3533 587 3597 Custos
608 3533 788 3613 hominum,
837 3534 919 3617 [Job.
941 3534 994 3598 vii.
1018 3532 1087 3615 20.]

414 3658 444 3721 Ο
468 3659 611 3724 Domine
633 3667 757 3724 amator
777 3659 957 3738 hominum,

285 3784 454 3850 Memento
475 3787 603 3870 generis
626 3787 731 3852 nostri
751 3786 892 3858 universi
902 3810 912 3862 ;
1042 3829 1044 3833 -

327 3914 372 3977 Et
396 3915 450 3997 qui
473 3915 658 3979 conclusisti
682 3935 795 3980 omnes
816 3891 851 3977 in
872 3913 1108 3994 incredulitate,

328 4040 484 4103 Omnium
507 4041 667 4120 miserere,
690 4062 710 4104 o
733 4039 883 4104 Domine.
928 4040 1019 4105 Rom.
1044 4040 1088 4106 xi.
1111 4042 1165 4106 32.

198 4290 227 4352 0
251 4289 305 4372 qui
329 4290 365 4354 in
388 4291 450 4357 hoo
473 4299 619 4358 mortuns
644 4303 734 4359 eset
758 4293 969 4372 resurrexisti,
