2910 5002
258 440 322 502 290
531 433 700 497 PRECES
726 430 1043 498 QUOTIDIANAE.

258 605 302 668 Et
324 602 457 667 tandem
479 603 515 666 in
536 602 660 666 lumine
683 601 795 685 gratiae
816 601 927 663 lumen
950 600 1069 684 gloriae.

261 730 326 797 Qui
348 730 404 793 das
426 751 532 794 escam
555 729 644 793 omni
667 729 765 806 carni,
811 729 898 790 Paol.
922 727 1042 790 cxxxvi.
1066 728 1120 790 25.

261 859 327 925 Qui
341 859 443 942 pascis
454 856 558 941 pullos
570 876 737 921 corvorum
748 856 923 919 clamantes
935 855 976 917 ad
986 855 1041 932 Te,
1075 854 1143 936 [Pa.
1155 851 1258 915 cxlvii.
1271 849 1320 932 9.]

260 986 305 1049 Et
327 984 477 1049 enutristi
499 1006 559 1048 nos
582 985 790 1078 ajuventutc
811 988 932 1060 nostra,
978 982 1067 1044 Paul.
1090 981 1164 1045 lxxi.
1189 984 1219 1044 5.

262 1114 367 1197 Imple
389 1113 461 1176 cibo
483 1119 516 1175 et
540 1111 654 1174 laetitia
675 1111 773 1174 corda
793 1119 913 1188 nostra,
958 1110 1030 1173 Aet.
1053 1109 1116 1173 xiv.
1143 1109 1192 1172 17.

262 1240 306 1303 Et
328 1239 436 1303 stabili
458 1240 561 1322 gratia
582 1240 652 1302 'l'ua
672 1260 728 1303 cor
749 1246 907 1302 nostrum.
953 1239 1033 1303 Heb.
1057 1238 1121 1301 xiii.
1146 1241 1177 1300 9.

264 1367 328 1432 Qui
350 1388 516 1450 vesperum
538 1367 594 1430 das
616 1366 680 1429 diei
701 1367 809 1445 finem,
824 1364 897 1449 'quo
918 1366 993 1430 vitae

349 1514 516 1576 vesperum
537 1492 631 1557 nobis
655 1493 690 1556 in
712 1493 901 1556 memoriam
922 1492 1059 1575 redigas,

263 1621 315 1684 Da
337 1641 462 1704 semper
483 1621 633 1703 cogitare,
656 1630 694 1683 ut
716 1621 813 1699 diem,
836 1621 882 1684 sio
905 1621 1014 1698 vitam,

350 1749 555 1812 transvolare.
601 1750 689 1812 Paul.
714 1749 764 1812 eii.
791 1749 840 1812 11.

264 1875 317 1937 Da
338 1896 462 1958 semper
483 1876 667 1939 meminisse
689 1876 752 1939 diei
774 1875 990 1952 tenebrarum,

352 2002 426 2084 quia
447 2001 551 2080 multi,
596 2002 684 2065 Eccl.
708 2002 749 2065 xi.
774 2004 803 2064 8.

568 2128 688 2191 Venire
710 2135 848 2206 noctem,

438 2255 566 2338 quando
588 2277 683 2320 nemo
706 2264 812 2339 potest
834 2255 968 2338 operari,
1012 2254 1063 2319 .Ῑο.
1086 2254 1127 2317 ix.
1150 2257 1181 2318 «lc
1218 2242 1225 2257 ⁹

267 2385 437 2468 Operando
459 2385 610 2450 tenebras
633 2391 844 2464 antevertere,

264 2533 306 2575 ne
327 2513 363 2574 in
384 2513 533 2577 tenebras
556 2513 728 2576 exteriores
749 2513 923 2596 ejiciamur.
968 2510 1062 2576 Matr.
1086 2534 1156 2577 xxv.
1179 2513 1233 2576 80.

439 2641 585 2704 Clamare
608 2661 731 2730 semper
752 2640 794 2703 ad
814 2641 870 2712 Te,

267 2766 367 2830 Mane
390 2766 570 2846 nobiscum,
594 2768 744 2846 Domine,
789 2769 865 2830 Lae.
889 2768 969 2832 xxiv.
993 2771 1045 2834 29.

352 2894 427 2976 quia
450 2893 693 2977 advesperascit,
717 2903 749 2957 et
770 2895 927 2959 inclinata
948 2896 1083 2978 estjam
1106 2895 1174 2959 (lies

438 3021 513 3085 vitae
533 3027 662 3084 nostrae.

439 3275 610 3345 Creatoris,
720 3271 726 3279 ’
874 3273 1017 3338 lustitia.

266 3404 374 3487 Opera
440 3402 673 3485 Redemptoris,
877 3403 1107 3467 Misericordia

440 3529 579 3612 Spiritus
604 3527 724 3604 Sancti,
880 3530 998 3594 Sancta
1022 3530 1169 3614 Spiratio

481 3784 677 3862 Paracletus,
701 3781 813 3852 ἄλλος.
856 3784 906 3848 Jo.
931 3786 991 3849 xiv.
1018 3786 1069 3850 16.

481 3909 614 3987 Unctio,
664 3910 680 3970 1
704 3909 754 3971 Jo.
777 3908 810 3972 ii.
833 3912 886 3974 27.

482 4037 642 4119 Sigillum,
688 4037 803 4118 Eplea.
827 4037 869 4099 iv.
892 4038 947 4100 30.

480 4165 638 4242 Arrhabo,
683 4169 704 4229 2
730 4166 799 4227 Cor.
824 4187 853 4228 v.
877 4169 906 4229 ὃ.
931 4173 964 4229 et
986 4167 1007 4230 i.
1031 4168 1101 4233 22..
