2910 5002
423 441 594 505 PRBch
616 439 938 506 QUOTIDIANAE.
1149 441 1210 502 123

151 611 324 674 Memento
343 616 378 674 et
398 631 522 690 eornm,
543 610 717 694 quijustis
738 610 779 674 de
800 611 905 675 esusis
926 609 1057 714 absust,

194 745 230 800 et
250 737 404 801 miserere
423 737 490 800 illis
510 736 597 801 sicut
617 747 652 801 et
672 736 778 815 nobis,

238 863 418 928 secundum
437 865 681 930 multimdinem
702 864 926 929 misericordie
946 869 1023 928 tuae.

154 1118 379 1201 Promptmiis
398 1127 512 1184 nostre
531 1121 620 1204 reple
641 1122 732 1186 omni
749 1121 846 1199 bono,
897 1119 1000 1205 [Psal.
1024 1116 1115 1181 cxliv.
1141 1114 1206 1198 ls]

153 1246 315 1330 Conjugis
335 1256 446 1313 nosne
466 1251 502 1312 in
523 1271 601 1333 paee
623 1257 657 1315 et
678 1249 849 1315 eoncordia
869 1269 1031 1325 conserve,

283 1375 403 1440 Enutri
422 1376 576 1456 infantes,

239 1504 452 1568 Juventutem
473 1504 577 1583 erudi,

156 2146 283 2210 Sancte
303 2152 380 2224 tuse,
403 2153 437 2210 et
460 2146 644 2226 catholice,
667 2154 701 2211 et
723 2146 917 2231 Apostolieae

214 2248 222 2263 '
284 2272 439 2337 Ecclesiae
461 2281 616 2338 annecte:

199 2399 341 2463 Ventos
363 2421 384 2462 e
405 2399 570 2484 spiritibus

242 2517 429 2582 Immundis
449 2519 569 2598 libem

155 2644 405 2729 Navigantibus,
420 2647 634 2731 navigationis

156 2773 353 2854 viatoribus,
375 2775 500 2840 itineris

331 2903 449 2968 Viduis
468 2905 681 2989 patrocinare,

336 3029 483 3113 Pupillos
505 3035 649 3113 protege,

331 3155 484 3239 Captivos
504 3156 616 3235 libers,

330 3284 579 3368 AEgrotsntibus
600 3285 737 3349 medere.

637 2671 671 2846 }
693 2737 800 2782 eomes
822 2716 949 2792 secede,

160 3539 226 3605 Qui
247 3539 289 3603 ed
310 3538 494 3618 tribunalis
517 3546 550 3603 et
572 3539 608 3602 in
629 3539 777 3617 metallis,
802 3545 834 3602 et
856 3539 973 3603 exsiliis

203 3675 236 3731 et
258 3663 455 3745 triremibus,
479 3673 513 3729 et
535 3666 625 3730 omni
646 3666 806 3749 angustie,
830 3674 862 3730 et
884 3665 1084 3742 necessitate,

246 3802 280 3858 et
302 3792 494 3857 adversitate
516 3801 601 3868 sunt,
625 3813 736 3856 eorum
758 3797 931 3869 memento,
955 3791 1054 3869 Deus,

290 3927 324 3984 et
346 3921 492 3985 omnium
515 3918 570 4003 qui
592 3918 740 4002 indigent

332 4026 452 4133 magne
473 4056 531 4113 tue
551 4048 783 4125 misericordie3

160 4179 205 4241 Et
228 4177 432 4262 diligentium
454 4144 524 4255 nos,

205 4311 238 4368 et
260 4305 334 4368 odio
356 4305 555 4382 habentium,
