2910 5002
260 447 326 515 858
530 443 700 514 PRECES
725 439 1041 510 QUOTIDIANAE

616 612 718 677 Actus
739 610 954 676 sanationis.

260 745 367 822 Peter,
390 742 431 807 de
452 741 553 821 ooelis,
577 741 676 822 Deus,

348 871 403 956 qui
423 869 583 935 mundum
605 867 798 935 mirabiliter
820 866 861 931 de
882 866 985 933 nihilo
1006 866 1132 946 creasti,

349 999 405 1083 qui
414 999 532 1063 eoelum
541 1003 574 1061 et
585 1003 705 1060 terrum
719 995 919 1061 virtuteTuu
929 995 1134 1080 gubernaret
1145 1000 1319 1074 sustentus,

348 1128 404 1211 qui
416 1125 631 1210 Unigenitum
643 1125 749 1191 uuum
763 1145 822 1208 pro
831 1124 924 1193 nobis
939 1124 981 1190 sd
994 1130 1133 1195 mortem
1145 1121 1318 1191 tradidisti

482 1253 583 1337 [Rom
607 1252 672 1316 viii.
697 1252 766 1336 32.]

112 1437 124 1459 ,
263 1380 334 1462 Fili,
357 1379 557 1465 Redemptor
578 1379 704 1458 mundi,
727 1381 827 1459 Deus,

349 1509 406 1594 qui
428 1508 468 1573 de
490 1508 628 1592 Virgine
650 1507 812 1573 incarnari
833 1507 974 1584 voluisti,

349 1637 406 1722 qui
427 1635 584 1730 sunguine
607 1635 677 1701 'Poe
705 1635 848 1720 pretioso
877 1656 938 1702 nos
968 1657 989 1701 s
1016 1634 1156 1720 percotis
1177 1634 1319 1715 abluisti,

482 1763 702 1848 sshiffl

348 1890 406 1974 qui
427 1911 564 1974 surgens
585 1912 606 1957 u
627 1890 763 1955 mortuis
792 1889 894 1957 victor
923 1889 959 1957 in
987 1890 1105 1957 eoelum
1135 1888 1318 1958 ascendisti.

481 2017 577 2102 [Epis.
600 2018 641 2082 iv.
665 2019 710 2102 s]

263 2145 403 2231 Spiritus
427 2148 556 2226 Sancte,
579 2147 754 2229 Psruelete,
778 2149 878 2222 Deus,

349 2274 407 2358 qui
439 2274 475 2340 in
507 2274 674 2341 Columbae
705 2275 810 2358 speeie
844 2296 940 2359 super
969 2275 1085 2341 Jesum
1115 2271 1320 2352 descendisti,

480 2403 594 2487 [Most.
617 2403 663 2468 iii.
689 2402 756 2486 16.]

349 2532 406 2616 qui
428 2553 522 2616 super
543 2533 717 2616 Apostolos
739 2532 871 2599 veniens
899 2533 936 2597 in
957 2531 1077 2616 linguis
1098 2530 1202 2616 igneis
1223 2551 1322 2615 apps-

480 2657 583 2737 ruisti,
630 2657 717 2742 [Act.
740 2658 774 2723 ii.
797 2658 845 2742 3·]

349 2784 406 2869 qui
426 2785 523 2851 eorda
541 2787 736 2852 Sanctorum
756 2787 826 2853 uua
840 2786 944 2870 gratia
960 2786 1071 2852 visitas
1087 2791 1122 2851 et
1136 2762 1320 2851 eonfirmss

396 2914 502 2993 Seors,
526 2935 661 2988 summu,
684 2914 889 2998 sempiterna,

436 3041 549 3120 Beata,
572 3041 743 3107 benedicto
763 3041 916 3120 Trinitas,

350 3185 476 3250 semper
496 3166 675 3242 laudabilis,
699 3188 824 3252 semper
845 3174 958 3232 tumen
978 3163 1176 3231 ineffabilius

481 3296 580 3360 Pater
601 3295 696 3374 bone,
722 3385 725 3389 y

481 3423 543 3486 Fili
564 3423 627 3506 pie,

483 3549 623 3632 Spiritus
646 3548 797 3632 benigne.

432 3674 588 3759 Majestus
610 3675 790 3754 ineffabilis,

265 3804 368 3890 Cujus
382 3673 581 4019 {Potestas
603 3803 872 3888 incomparabilis,

435 3933 569 3997 Bonitus
589 3931 833 4012 inaestimabilis,

502 4075 506 4085 ’
651 4081 731 4143 opus
754 4060 829 4140 vita,

484 4189 543 4273 Cuj
599 4059 741 4401 {umor
762 4187 875 4271 gratis,

652 4313 883 4398 contemplatio
905 4315 1015 4399 gloria.
