2910 5002
242 442 308 505 270
517 440 687 506 Peneus
712 439 1029 507 QUOTIDIANAE.

470 1104 684 1183 PRECES
714 1103 1070 1231 MATUTINAE.

244 1383 313 1449 QUI
334 1381 465 1445 exaudis
487 1376 675 1459 omtioneni,

287 1509 329 1573 sd
352 1510 397 1574 Te
419 1510 524 1574 omnis
547 1530 620 1573 caro
642 1509 759 1587 veniet,
805 1510 894 1574 Poal.
917 1510 980 1574 lxv.
1004 1514 1036 1575 2.

244 1635 396 1720 Vespere,
419 1656 524 1715 mune,
547 1642 580 1698 et
601 1635 745 1713 meridie,

329 1763 466 1828 narrabo
488 1771 521 1827 et
544 1763 755 1841 annunciabo,

285 1897 319 1956 et
341 1893 391 1955 'Pu
414 1890 564 1955 exaudies
587 1912 697 1955 vocem
719 1911 836 1954 meam.
881 1890 967 1953 Pscl.
991 1889 1032 1953 lv.
1056 1891 1108 1955 17.

241 2019 296 2084 Ad
317 2021 372 2098 Te,
395 2020 545 2099 Domine,
568 2019 665 2084 orabo
687 2040 800 2084 mane:

286 2147 434 2211 exaudies
455 2168 567 2212 vocem
589 2169 695 2213 meam
718 2168 823 2210 mane.
870 2147 958 2209 Psol.
981 2167 1011 2207 v.
1034 2147 1065 2208 3.

242 2273 411 2357 Dirigatur
433 2274 534 2338 oratio
556 2295 638 2352 mea,

286 2402 367 2466 sicut
389 2403 556 2466 incensum
578 2402 613 2465 in
637 2409 811 2485 conspectu
833 2401 912 2464 'luo
958 2400 1047 2464 Poal.
1071 2398 1144 2463 cxli.
1166 2403 1198 2464 2.

242 2529 284 2592 In
306 2529 484 2609 matutinis
507 2529 657 2608 Domine,
680 2529 859 2594 meditabor
879 2528 915 2591 in
937 2529 992 2606 Te,

329 2657 404 2741 quia
424 2656 515 2722 fuisti
538 2658 666 2742 adjutor
688 2680 788 2722 meus.
834 2658 922 2720 Poal.
943 2655 1021 2719 lxiii
1045 2658 1075 2734 7,
1099 2657 1129 2718 8.

241 2784 371 2848 Grotius
393 2784 467 2848 'Pibi
489 2807 558 2868 ogo,
582 2786 733 2864 Domine,
757 2784 970 2868 omnipotens,
990 2791 1109 2847 aeterne
1124 2783 1224 2862 Deum,
1240 2783 1293 2866 qui

283 2933 336 2976 me
365 2913 401 2975 in
429 2913 491 2976 huo
520 2919 625 2992 nocte,
649 2934 717 2977 non
743 2912 824 2976 meis
848 2912 984 2989 meritis,
1007 2911 1061 2975 sed
1087 2911 1157 2974 'lna
1186 2917 1296 2974 sanctu

283 3041 509 3120 misericordia,
526 3041 687 3106 custodire
702 3041 852 3124 dignatus
872 3062 917 3106 es.
959 3039 1106 3105 Concede
1121 3039 1211 3111 mihi,
1228 3040 1294 3104 Do·

284 3169 381 3248 mine,
406 3169 491 3233 diem
513 3169 613 3233 istum
635 3170 671 3233 in
694 3170 764 3233 Tuo
782 3177 893 3233 sancto
915 3168 1044 3232 servitio
1064 3168 1113 3231 ita
1133 3188 1292 3251 peragere,

282 3303 321 3360 ut
343 3296 415 3360 Tibi
437 3297 561 3380 placeat
583 3297 771 3380 obsequium
794 3297 956 3362 servitutis
979 3316 1068 3360 meae.

132 3442 134 3451 ·
241 3425 328 3489 Levo
337 3443 391 3487 cor
399 3444 473 3487 cum
482 3423 631 3487 manibus
641 3425 681 3487 ad
691 3423 1020 3488 Dominumincoelio.
1033 3423 1159 3508 [Ἠινεπ.
1168 3423 1213 3486 iii.
1223 3421 1290 3505 41.]

281 3551 375 3628 Ecce,
399 3550 482 3614 sicut
503 3551 588 3615 oculi
610 3573 773 3616 servorum
797 3553 837 3616 ad
859 3574 974 3616 manus
997 3551 1209 3630 dominorum,

325 3685 358 3741 et
381 3678 463 3741 sicut
486 3679 570 3742 oculi
592 3679 717 3742 ancillae
739 3680 780 3742 od
802 3701 917 3743 monus
938 3678 1086 3756 dominae,

239 3804 293 3868 Ita
324 3805 409 3868 oculi
442 3806 544 3869 nostri
581 3806 621 3869 od
654 3807 832 3871 Dominum
865 3807 972 3870 Deum
1002 3813 1160 3883 nostrum,
1190 3803 1292 3867 donec

324 3930 514 3995 miscreatur
535 3933 646 3996 nostri.
692 3934 780 4003 Poal.
804 3934 907 3997 cxxiii.
930 3935 962 3995 2.

238 4056 374 4140 Respice
395 4058 430 4121 in
453 4081 515 4136 me,
538 4067 571 4123 et
594 4061 838 4140 misereremei,

282 4184 458 4248 secundum
478 4187 639 4269 judicium
663 4187 866 4273 diligentium
885 4209 1005 4255 nomen
1025 4189 1141 4255 Tuum.
1189 4189 1291 4275 [Psoi.

326 4310 407 4374 cxix.
433 4312 521 4395 132]
