2910 5002
259 960 536 1039 ennena
589 962 1110 1068 Qnomomnn.

601 1208 770 1215 —-——--.-—-

480 1374 619 1437 HORAE
644 1373 908 1437 ORATIONIS.

341 1562 480 1624 SEMPER.
525 1561 602 1623 Due.
618 1559 701 1623 xviii.
721 1563 751 1623 1.

339 1687 416 1750 Sine
430 1687 676 1750 intermissione.
724 1691 740 1750 1
768 1687 872 1750 Ἠιεεε.
888 1709 917 1750 v.
937 1691 988 1752 17.

338 1813 438 1876 Omni
453 1820 605 1896 tempore.
650 1811 735 1894 Epa.
751 1813 792 1875 vi.
811 1814 862 1874 18.

165 1941 280 2004 Tribus
299 1940 498 2023 temporibus
517 1941 552 2003 in
568 1939 619 2003 die
635 1939 782 2003 flectebat
797 1960 903 2022 genua
918 1962 985 2019 sua,
1001 1947 1034 2004 et
1055 1939 1221 2017 adorabat,

208 2068 482 2150 confitebaturque
512 2052 631 2130 coram¹
648 2056 719 2130 Deo
749 2087 817 2145 suo,
848 2067 930 2130 sicut
953 2075 987 2130 et
1016 2073 1092 2131 ante
1118 2067 1221 2130 facero

209 2205 424 2260 consueverat.
470 2197 553 2258 Dan.
570 2195 611 2257 vi.
629 2196 680 2258 10.

165 2324 305 2406 Vespere
331 2331 364 2388 et
386 2345 481 2388 mane
503 2331 536 2387 et
562 2322 695 2386 meridie
720 2322 867 2401 narrabo,
886 2329 920 2386 et
948 2323 1161 2402 annunciabo,
1189 2331 1222 2386 et

209 2450 357 2514 exaudiet
371 2471 482 2514 vocem
504 2470 620 2513 meam.
665 2450 754 2512 Paul.
770 2448 810 2513 lv.
829 2451 880 2512 18.

168 2578 292 2662 Septies
305 2578 340 2640 in
356 2577 408 2640 die
422 2578 550 2641 laudem
566 2578 631 2640 dixi
646 2576 716 2640 tibi.
762 2577 850 2639 Psal.
866 2576 946 2639 cxix.
965 2578 1039 2639 164.

153 2688 157 2693 ν
253 2718 282 2777 l.
306 2714 458 2777 Diluculo
472 2713 572 2777 valde.
619 2714 723 2776 More.
740 2712 761 2774 i.
779 2714 832 2774 35.

252 2845 283 2903 2.
308 2841 350 2903 In
366 2840 544 2902 matutinis.
591 2840 677 2901 Paal.
694 2839 771 2901 lxiii.
789 2842 819 2901 6.

252 2961 283 3020 3.
310 2959 402 3021 Hora
416 2958 480 3020 diei
494 2957 599 3023 tertia
644 2958 717 3020 Act.
735 2957 768 3019 ii.
787 2957 838 3019 15.

252 3088 283 3147 4.
308 3086 402 3149 Circa
415 3086 527 3148 horam
543 3093 676 3148 sextam.
720 3085 793 3147 Act.
810 3105 839 3146 x.
857 3087 888 3148 9.

254 3218 284 3275 5.
308 3212 361 3276 Ad
375 3212 488 3275 horam
504 3211 656 3275 orationis
671 3232 800 3273 nonam.
845 3209 918 3271 Act.
935 3210 977 3273 iii.
999 3209 1026 3271 l.

160 3403 164 3409 .
254 3344 284 3404 6.
309 3339 471 3403 Inclinato
482 3341 551 3421 jam
567 3339 628 3401 die.
678 3339 754 3400 Gen.
770 3336 852 3399 xxiv.
869 3337 921 3400 63.

255 3473 284 3533 7.
309 3468 351 3531 In
365 3465 523 3530 noctibus.
571 3467 657 3528 Psol.
674 3465 794 3527 cxxxiv.
812 3467 842 3526 2.

361 3575 473 3638 Media
487 3582 591 3638 nocte.
637 3575 725 3637 Paol.
742 3574 823 3637 cxix.
840 3575 892 3635 62.

503 3812 609 3875 noel
632 3784 895 3874 onAmoms.

170 3977 211 4038 In
223 3975 310 4038 omni
326 3975 405 4051 loco,
422 3974 456 4035 in
478 3994 541 4056 qno
561 3971 717 4035 memoria
738 3971 837 4033 fuerit
851 3971 992 4034 nominis
1005 3971 1078 4049 mei,
1099 3972 1225 4035 veniam

211 4100 252 4162 ad
267 4108 300 4163 te
316 4107 348 4162 et
362 4099 551 4163 benedicam
565 4099 635 4162 tibi.
681 4098 787 4160 Eoeod.
803 4119 854 4160 xx.
870 4099 923 4159 24.

590 4217 804 4297 Conyreyotio

168 4345 209 4407 In
226 4345 361 4408 concilio
374 4347 546 4427 justornm,
563 4352 595 4406 et
611 4342 867 4425 congregatione.
916 4341 1003 4402 Psal.
1020 4341 1080 4403 exi.
1110 4341 1171 4422 [1.]
