2910 5002
417 432 588 498 PREOES
614 430 932 498 QUOTIDIANAE.
1138 432 1200 492 385

278 600 476 666 Scrntinium
500 607 532 665 et
554 600 795 684 inquisitionem

150 732 211 794 Pet
260 809 262 813 Ι
437 728 489 791 vel
510 748 644 792 examen
667 727 727 806 sui,

276 858 393 922 Preoes
416 864 450 922 et
471 856 647 940 gratiarum
669 855 821 920 actiones.

338 1099 531 1163 Scrutinium
552 1104 583 1161 et
605 1097 781 1188 Inquisitio,
803 1098 853 1160 vel
872 1097 1025 1161 Examen.

150 1238 232 1320 Any.
277 1237 338 1300 Vir
354 1235 456 1299 bonus
472 1233 629 1318 praeponit
649 1234 730 1298 seire
749 1233 970 1297 infirmitatem
985 1254 1086 1311 suam,
1102 1232 1204 1315 magis

238 1383 335 1444 quam
358 1361 439 1425 scire
460 1359 673 1424 fundamenta
693 1368 798 1439 terroe,
821 1368 854 1425 et
875 1360 1003 1443 fastigia
1024 1360 1105 1424 eoeli.

239 1489 303 1553 Illa
339 1508 415 1553 vero
455 1486 590 1551 seientia
629 1486 827 1551 infirmitatis
865 1507 931 1550 suae
971 1507 1037 1550 non
1075 1491 1206 1569 paratur

239 1615 360 1698 absque
382 1613 591 1696 inquisitione
620 1613 788 1696 diligenti3
823 1613 978 1696 sineque
1006 1633 1108 1676 oaecus
1138 1613 1206 1696 ple-

238 1764 378 1826 rumque
399 1748 449 1805 est
471 1741 608 1820 animus,
631 1747 728 1824 atque
750 1741 785 1803 in
806 1740 943 1825 propriis
965 1740 1048 1803 nihil
1069 1741 1164 1805 videt

155 1873 272 1935 Cicero.
317 1870 435 1934 Multae
450 1876 527 1933 sunt
546 1867 582 1932 in
601 1868 710 1939 animo
729 1868 860 1933 latebrae
879 1868 1038 1952 multique
1054 1890 1206 1948 recessus,

241 2007 302 2064 eto.
680 1976 691 1992 ⁹

154 2129 283 2191 Seneca.
328 2122 560 2206 Deprehendas
582 2128 616 2186 te
638 2129 773 2205 oportet,
796 2128 970 2206 antequam
993 2122 1152 2189 emendes

329 2251 485 2334 Ignotum
520 2250 610 2314 uleus
639 2249 674 2312 in
702 2248 843 2313 deterius
873 2235 951 2326 sbit,
981 2256 1015 2314 et
1042 2249 1209 2314 curatione

370 2375 568 2439 destituitur.

152 2502 221 2566 Jer.
245 2502 318 2566 xvii.
342 2505 372 2566 9.
419 2500 543 2565 Βαθεῖα
563 2497 583 2580 ἦ
606 2498 720 2585 καρδία
741 2498 833 2586 παρὰ
851 2498 971 2566 πάντα.

199 2629 264 2693 Cor
284 2627 481 2715 profundum
503 2632 554 2691 est
575 2636 608 2692 et
630 2633 819 2691 tortuosum.

201 2754 311 2818 Homo
332 2760 422 2817 vetus
444 2752 532 2816 mille
553 2752 725 2816 involucris
745 2753 917 2837 obtegitur.

156 2881 273 2964 Itaque
293 2878 438 2968 πρόσεχε
459 2882 592 2967 σεαυτῷ.
638 2881 781 2945 Attende
803 2881 864 2945 tibi
885 2881 956 2966 ipsi.

290 3009 363 3073 Hoc
385 3017 493 3072 autem
515 3009 652 3073 maxime
674 3010 921 3093 inquirendum

427 3118 551 3219 Egens,
653 3137 795 3219 Legeris,

428 3265 566 3342 Dixeris,
607 3155 837 3349 {Scripsi-is.

215 3479 222 3492 ι
339 3479 345 3491 .
573 3392 684 3457 deceat
726 3394 956 3472 Christianum,
1001 3391 1209 3469 sacerdotem,

158 3477 247 3545 Qud
271 3477 367 3542 ΜΘ
659 3526 793 3603 patrem,
817 3527 877 3583 etc.

573 3648 741 3712 confirmet
763 3647 870 3724 fidem,
897 3645 1124 3724 obedientiam,

659 3781 776 3857 augeat
798 3773 976 3837 scientiam.

429 3836 514 3920 quod
995 3901 1002 3913 .
1041 3901 1048 3914 .

951 3921 1060 3979 ammi,

658 3970 708 4033 vel
743 3918 939 4093 regimen{

953 4029 1102 4111 eorporis.

969 4162 1070 4230 tunm,

583 4223 733 4301 operetur
754 4216 890 4280 sulutem
923 4175 1113 4349 {aliorum

754 4418 820 4477 31)
