2910 5002
476 438 644 503 PRECES
669 438 984 504 QUOTIDIANAE.
1212 439 1254 504 43

248 613 289 675 In
312 610 426 674 habitu
447 617 604 694 gestuque
627 609 768 694 corporis
790 610 927 683 decenti,
977 615 991 674 l
1021 612 1090 675 Cor.
1113 611 1175 675 xiv.
1200 614 1254 675 40.

247 735 288 798 In
309 733 537 798 benedictione
559 734 632 806 oris,
682 735 768 799 Vers.
792 735 845 797 26.

199 905 201 910 -
331 862 410 925 Non
432 861 580 945 privatim
602 862 708 941 modo,
731 861 787 927 sed
809 870 842 926 et
863 862 1001 947 publice.

202 989 246 1053 Et
259 988 395 1053 reddere
405 988 561 1052 honorem
612 988 660 1052 Ut
690 987 795 1079 aboiis
822 988 1024 1072 persuadear,

245 1114 431 1200 praepositis,
613 1115 659 1179 Iis
673 1115 829 1182 obediam.
858 1118 937 1182 Heb.
952 1118 1020 1184 xiii.
1036 1123 1066 1186 7.

200 1243 392 1308 Naturalem
414 1240 558 1306 affectio·
604 1241 724 1306 Curam
746 1263 857 1307 corum
878 1242 1036 1311 habendo.

243 1392 319 1436 nem
343 1370 433 1449 meis,
602 1372 648 1436 Iis
671 1371 904 1456 prospiciendo.
952 1377 966 1438 l
999 1377 1076 1440 rim.
1100 1399 1130 1443 v.
1154 1382 1185 1443 8.

200 1498 338 1563 Vincere
360 1497 395 1562 in
417 1497 502 1563 bono
523 1499 656 1578 malurn,
700 1499 790 1564 Rom.
813 1501 867 1564 xii.
891 1503 945 1566 21.

200 1627 267 1690 Vas
275 1647 384 1691 meum
393 1627 555 1711 possidere
564 1628 599 1691 in
609 1627 822 1692 sanctimonia
829 1635 863 1693 et
871 1628 1004 1695 honore.
1028 1634 1044 1695 1
1061 1634 1162 1703 stass.
1172 1637 1212 1702 iv.
1223 1641 1254 1702 4.

198 1755 309 1820 Mores
317 1754 385 1819 sine
394 1755 526 1820 avaritia
535 1756 663 1837 habere,
673 1763 827 1822 contento
837 1758 1061 1841 presentibus.
1105 1764 1260 1833 Hecxiii.
1277 1772 1307 1833 5.

200 1885 380 1949 Veritatem
402 1884 491 1967 loqui
513 1885 548 1948 in
570 1885 735 1949 charitate.
780 1885 865 1968 Epis.
888 1886 929 1950 iv.
956 1890 1007 1951 15.

200 2014 334 2095 Cupere,
357 2033 424 2076 non
446 2013 680 2096 concupiscere,
727 2016 744 2076 1
773 2013 877 2077 nese.
900 2012 942 2079 iv.
965 2017 996 2079 5.

201 2143 323 2207 Saltem
345 2164 386 2206 ne
408 2142 442 2205 in
464 2142 611 2226 passione
634 2143 867 2226 concupiscere.
915 2144 931 2207 1
956 2145 1027 2209 Pet.
1050 2145 1091 2210 iv.
1115 2151 1146 2210 3.

201 2271 322 2335 Saltem
344 2292 412 2335 non
434 2271 481 2334 ire
503 2277 576 2354 post
598 2269 884 2354 concupiscentias.
930 2272 1004 2336 Jud.
1027 2294 1108 2338 vers.
1135 2276 1187 2339 16.

573 2694 709 2759 SEPES
733 2693 880 2759 LEGIS.

205 2904 377 2968 Conterere
398 2908 494 2986 caput
519 2902 694 2987 Serpentis,
743 2904 819 2968 Gen.
842 2903 887 2969 iii.
912 2903 963 2970 15.

201 3028 383 3092 Memorare
405 3027 589 3108 novissima,
634 3029 728 3093 Dect.
752 3029 848 3092 xxxii.
871 3031 925 3094 29.

200 3153 379 3236 Amputare
402 3152 593 3230 occasiones,
638 3151 900 3216 2Gor.xi.12.

202 3278 353 3343 Sobrium
375 3300 452 3357 csse,
500 3279 612 3345 lPet.
636 3300 664 3344 v.
688 3280 720 3343 8.

201 3405 350 3471 Otiosum
372 3428 439 3472 non
461 3407 582 3487 sedere,
628 3408 714 3472 Mat.
737 3429 789 3472 xx.
812 3411 844 3472 6.

160 3537 165 3549 ’
200 3534 284 3596 Cum
299 3533 391 3598 malis
406 3555 473 3598 non
488 3554 707 3615 consuescere,
737 3536 824 3599 Pscl.
841 3535 924 3599 xxvi.
940 3539 971 3613 4,
988 3535 1020 3599 5.
1059 3534 1120 3599 iit.
1137 3533 1183 3598 iii.
1202 3534 1276 3605 10.1

198 3661 372 3726 Adhaerere
393 3661 498 3740 bonis,
542 3663 632 3727 Rom.
655 3663 712 3727 xii.
735 3665 767 3726 9.

200 3790 345 3872 Pangere
366 3789 471 3856 foedus
493 3812 568 3855 cum
590 3791 701 3871 oculis,
746 3791 815 3854 Job.
839 3789 923 3853 xxxi.
948 3791 978 3853 1.
997 3862 1002 3871 p

200 3918 323 4000 Corpus
345 3917 380 3980 in
401 3918 588 3984 servitutem
608 3918 765 4001 redigere,
810 3920 827 3982 l
856 3917 927 3981 Cor.
949 3915 993 3982 ir.
1017 3917 1070 3983 27.

198 4044 322 4108 Vocare
344 4045 494 4126 orationi,
541 4048 657 4111 lCor.
679 4045 732 4110 rii.
757 4047 788 4108 5.

198 4172 251 4236 Ad
273 4173 504 4239 Poenitentiam
526 4174 685 4253 secedere,
730 4178 752 4238 2
775 4174 846 4237 Pet.
869 4172 915 4237 iii.
938 4175 969 4236 9.

200 4299 276 4384 Scpi
298 4303 444 4366 semitam
467 4325 572 4367 meam
595 4302 705 4387 spinis,
750 4303 827 4366 Hos.
852 4301 885 4365 ii.
910 4305 942 4366 6.
1062 4333 1064 4337 ·
