2910 5002
268 417 310 478 18
546 415 684 477 ETXAI
710 415 1049 479 ΚΑΘΗΜΕΡΙΝΑΙ.

310 588 492 671 προσφιλῆ,
514 585 578 650 ὅσα
592 585 731 671 εὔφημα,
747 587 824 655 εἴτις
846 584 956 673 ἁρετὴ,
985 585 1040 650 καί
1076 586 1153 655 εἴτις
1183 584 1324 666 ἔπαινος,

311 716 414 777 ταῦτα
427 711 626 794 λογίζεσθαι,
642 710 697 777 καὶ
711 716 814 777 ταῦτα
827 713 984 799 πράττειν

832 838 1027 928 Παράσχου,
1044 840 1154 927 Κύριε.

268 966 453 1053 Χριστιανοὶ
469 966 511 1031 τὰ
524 966 603 1046 τέλη
617 970 674 1048 τῆς
690 969 767 1048 ζωῆς
781 966 879 1050 ἡμῶν,

353 1093 591 1181 Ἀυαμάρτητα,
607 1092 860 1183 ἀνεπαίσχυιπα,

356 1220 430 1286 Κᾶν
443 1247 498 1286 σοι
512 1220 589 1306 δοκῇ
603 1220 757 1297 ἀνώδυνα,

270 1347 336 1415 Καὶ
351 1349 456 1432 καλὴν
469 1348 650 1431 ἀπολογίαν
664 1349 755 1438 παρὰ
768 1350 977 1439 τοῦ“φριπτοῦ

357 1474 411 1540 καὶ
426 1477 568 1564 φοβεροῦ
581 1476 729 1560 βήματος
743 1477 851 1559 Ἰησοῦ
866 1481 1012 1566 Χριστοῦ

357 1605 421 1667 Τοῦ
438 1606 561 1688 Κυρίου
575 1603 667 1686 ἡμῶν
827 1606 1021 1694 Ποράσχου,
1038 1607 1149 1687 Κύριε.

273 1989 410 2056 ΟΤΣΙΑ
425 1987 605 2075 ῦπεροῦσιε,
619 1988 717 2074 φύσις
729 1987 877 2061 ἅκτιστε,

357 2118 421 2181 Τοῦ
435 2112 513 2181 ῦλου
526 2113 706 2201 δημιουργὲ,

272 2243 407 2329 Προορῶ
422 2266 471 2314 σε,
488 2240 598 2328 Κύριε,
615 2239 748 2304 ἐνώπιόν
762 2265 835 2322 μου,

273 2366 342 2432 Καὶ
355 2365 450 2452 ἀείρω
464 2366 545 2454 πρός
560 2393 600 2432 σε
615 2365 674 2449 τὴν
688 2365 805 2454 ψυχήν
818 2391 889 2447 μου.

271 2496 450 2582 Προσκυυῶ
465 2519 504 2558 σε
520 2492 584 2564 θεὶς
597 2493 638 2559 τὰ
651 2493 781 2575 «γόνατα,

318 2621 383 2686 Καὶ
399 2625 610 2702 ταπεινοῦμαι
626 2621 688 2687 ὑπὸ
704 2621 762 2704 τὴν
778 2623 935 2709 κραταίαν
949 2650 1011 2689 σου
1024 2628 1129 2712 χεῖρα

359 2748 589 2813 Διαπεταννίω
603 2749 684 2834 πρός
699 2774 738 2812 σε
753 2749 812 2817 τὰς
826 2750 937 2836 χεῖράς
951 2776 1024 2831 μου,

315 2874 358 2938 Ἥ
374 2875 471 2963 ψυχή
486 2901 548 2958 μου
561 2878 603 2956 γῆ
620 2873 750 2961 ἄνυδρός
765 2901 827 2940 σοι.

403 3002 522 3067 Τῦπτω
538 3001 581 3072 είς
595 3002 633 3066 τὸ
647 3001 766 3083 στῆθός
780 3028 852 3083 μου,

403 3131 470 3196 Καὶ
483 3131 570 3214 λέγω
583 3130 665 3213 μετὰ
680 3131 837 3204 Τελωυοῦ,

267 3329 313 3393 ‘0
329 3326 410 3397 Θεὸς
426 3324 582 3404 ἱλάσθητί
592 3349 649 3407 μοι
684 3269 730 3354 τῷ
745 3264 938 3353 ἁμαρτωλᾲ

685 3396 731 3480 τῷ
744 3392 841 3459 πάνυ.

445 3518 500 3605 Τῷ
514 3515 696 3604 ἁμαρτωλῷ
709 3518 792 3606 ὑπὲρ
806 3522 954 3586 Τελωνοῦ

446 3641 617 3723 ‘lucem
633 3643 743 3733 ὥσπερ
758 3650 804 3732 τῷ
817 3648 958 3730 Τελωνῇ,

489 3769 600 3856 Πάτερ
615 3769 793 3859 οἰκτιρμῶν,

316 3901 438 3980 Δέομαι
451 3899 508 3977 τῆς
522 3901 681 3984 πατρικῆς
696 3925 757 3964 σου
771 3897 1025 3987 εὐσπλαγχνίας,

685 4025 844 4105 Σκώληιια
858 4026 1009 4113 ῥυπαρόν.

362 4151 420 4233 Μή
434 4177 475 4233 με
489 4149 626 4236 παρίδης
687 4152 777 4218 Κῦυα
791 4153 975 4233 τεθνηκότα.

684 4280 886 4359 Θνησιμαῖον
900 4278 1037 4365 σαπρόν.
