2910 5002
256 440 322 506 278
532 441 704 506 PRECES
732 443 1050 510 QUOTIDIANAE.

262 610 327 677 Qui
340 611 457 676 dedisti
472 612 624 676 Ecclesiae
638 614 724 692 Tuae,
741 619 778 677 nt
793 620 877 679 esset
892 615 1042 680 columna
1071 618 1089 680 1
1110 618 1187 683 lim.
1203 618 1248 682 iii.
1268 620 1322 683 15.

303 745 336 802 et
357 739 597 802 firmamentum
619 739 772 818 veritatis,
793 761 837 804 nc
857 748 959 824 portae
979 741 1075 806 inferi

343 866 552 949 praevalerent
574 873 687 930 contra
708 887 789 945 eam,
835 869 933 932 Matt.
957 869 1019 934 xvi.
1046 868 1098 933 18.
1358 950 1366 961 ι

261 993 326 1060 Qui
340 993 457 1057 dedisti
471 999 599 1073 nostra,
614 1001 652 1056 ut
667 994 843 1058 custodiret
858 995 1051 1078 depositum,
1076 1000 1093 1061 1
1111 999 1189 1063 lim.
1205 998 1245 1064 vi.
1262 1002 1318 1064 20.

300 1127 333 1184 et
354 1120 439 1185 viam
460 1120 547 1204 pacis
567 1141 625 1184 nos
648 1121 805 1199 edoceret,
850 1122 939 1186 Rom.
963 1144 992 1186 v.
1019 1123 1048 1187 1.

301 1257 334 1315 et
342 1256 379 1313 ut
388 1248 544 1328 ordinem,
555 1248 774 1329 stabilitatem,
785 1255 818 1314 ct
827 1249 975 1315 decorem
983 1253 1149 1332 retineret,
1168 1254 1232 1318 001.
1243 1255 1276 1320 ii.
1285 1258 1316 1319 5.

260 1377 326 1445 Qui
340 1376 475 1440 firmasti
489 1376 604 1440 solium
619 1377 702 1439 servi
716 1376 787 1456 un,
800 1377 898 1460 Regis
912 1378 1025 1457 nostri,
1056 1381 1076 1443 2
1092 1381 1177 1446 Sam.
1192 1381 1244 1446 vii.
1263 1383 1318 1446 13.

260 1506 325 1573 Qui
346 1504 482 1590 posuisti
504 1504 584 1568 fines
607 1511 736 1568 nostros
758 1526 879 1589 pacem,
903 1513 937 1571 ct
959 1507 1052 1592 adipe

302 1630 470 1695 ammenti
492 1630 619 1694 satiasti
640 1611 711 1710 los,
756 1630 841 1696 aaz.
865 1634 968 1698 cxlvii.
993 1634 1045 1698 14.

258 1756 456 1822 Consortasti
477 1777 562 1820 seras
583 1764 748 1840 portarmn
770 1765 962 1838 nostrarum,
986 1768 1019 1824 et

301 1883 463 1949 benedicis
483 1883 559 1946 filiis
581 1884 701 1949 nostris
723 1885 759 1948 in
780 1885 882 1966 nobis,
935 1889 1021 1953 Vera
1047 1888 1099 1952 13.

257 2013 323 2076 Qui
336 2013 482 2076 inimicos
495 2019 622 2076 nostros
635 2012 770 2076 induisti
785 2013 982 2093 confusione,
1005 2016 1094 2078 Paul.
1105 2015 1219 2079 cxxxii
1233 2014 1313 2099 [la]

259 2141 324 2208 Qui
346 2139 464 2204 dedisti
484 2161 544 2204 nos
565 2139 601 2202 in
622 2138 881 2204 benedictionem
901 2141 938 2204 in
959 2142 1112 2206 saeculum

303 2265 419 2345 saecsili,
443 2270 476 2329 et
497 2265 641 2329 laetificas
662 2287 722 2330 nos
744 2266 862 2349 gaudio

386 2393 494 2457 vultus
515 2391 575 2471 tui,
619 2393 709 2456 Paal.
731 2393 794 2458 xxi.
819 2395 849 2457 6.

259 2519 325 2587 Qui
346 2519 481 2583 erudisti
502 2518 668 2603 Principes
688 2528 825 2598 nostros,
849 2524 882 2582 et

300 2647 472 2710 Senatores
493 2652 619 2709 nostros
640 2645 844 2728 prudentiam
866 2644 1032 2723 edocuisti,
1077 2646 1165 2708 Paol.
1189 2665 1236 2710 ov.
1259 2648 1314 2709 22.

258 2775 324 2842 Qui
345 2774 461 2838 dedisti
482 2773 575 2838 nobis
597 2774 746 2838 Pastore·
764 2775 860 2858 juxta
881 2794 936 2837 cor
956 2774 1073 2853 Tuum,

299 2902 355 2985 qui
375 2907 510 2985 pascunt
531 2921 591 2964 nos
614 2900 749 2964 scientia
770 2907 804 2963 et
825 2900 981 2979 doctrina,
1026 2900 1093 2965 Jcr.
1116 2900 1161 2964 iii.
1187 2903 1240 2964 15.

257 3029 322 3097 Qui
344 3028 490 3094 conflasti
511 3026 634 3111 gladios
655 3027 690 3089 in
711 3047 864 3099 vomeres,
888 3035 921 3091 et

297 3156 423 3219 lanceas
443 3155 479 3217 in
500 3153 608 3232 falces,
653 3153 696 3216 Is.
720 3153 752 3215 ii.
776 3157 807 3215 4.

256 3283 340 3350 Quia
360 3303 428 3347 non
449 3288 498 3345 est
518 3282 614 3344 ruina
634 3280 790 3358 maceriae,
813 3299 919 3362 neque
940 3280 1104 3358 transitus,

295 3430 400 3493 neque
423 3408 542 3473 clamor
563 3408 598 3470 in
619 3407 735 3491 plateis
757 3407 886 3485 nostris,
931 3407 1019 3470 Paul.
1044 3407 1135 3471 cxliv.
1160 3406 1211 3470 14.

255 3537 320 3605 Qui
341 3534 518 3620 produxisti
540 3555 592 3599 me
613 3534 649 3596 in
670 3534 770 3598 vitam
792 3535 886 3611 hauc,

295 3673 328 3729 et
350 3664 391 3728 ad
411 3665 571 3727 lavacrum
593 3662 847 3745 regenerationis
870 3668 903 3726 ct

338 3786 553 3854 renovationis
569 3785 709 3868 Spiritus
725 3785 837 3849 Sancti
850 3783 1026 3868 perduxisti
1041 3804 1102 3862 me,
1137 3783 1198 3846 fit.
1213 3782 1261 3846 iii.
1277 3787 1309 3846 5.

252 3917 296 3979 Et
317 3921 410 3977 notas
431 3912 512 3974 mihi
531 3910 636 3975 fecisti
658 3911 724 3974 vias
747 3911 842 3988 Tuas,
887 3910 975 3972 Paul.
999 3908 1061 3972 xvi.
1086 3909 1137 3971 ll.

252 4035 1308 4120 Quidissimulastipeccatameapropterpoenitentiam‚Sop.xi.23.

250 4167 323 4230 Nec
345 4164 470 4229 allisisti
492 4185 544 4228 me
566 4164 601 4228 in
622 4186 722 4229 manu
742 4163 924 4248 iniquitatis
947 4184 1037 4241 meas,
1081 4162 1126 4226 Ia.
1148 4161 1224 4225 lxiv.
1248 4165 1277 4226 7.

250 4292 447 4374 Exspectans
461 4296 499 4353 ut
514 4289 766 4354 miscricordiam
783 4289 969 4353 ostenderes
984 4290 1020 4353 in
1035 4308 1097 4366 mc,
1113 4287 1156 4351 Ia.
1169 4308 1240 4351 xxx.
1255 4289 1307 4349 18.
