2910 5002
437 452 953 542 PRECESHQUOTIDIANAE.
1159 454 1221 516 235

168 627 283 689 Meum
306 624 506 708 promissum,

103 737 106 743 ⁴
168 752 319 835 Ipsorum
342 750 544 828 desiderium,

168 879 245 941 Non
267 899 379 942 vacare
401 899 466 961 prae
487 878 634 960 negotiis,

169 1006 210 1068 In
233 1006 384 1070 extremis
407 1006 472 1069 suis
494 1006 709 1084 condolentia,

170 1133 362 1219 Praeclarum
384 1133 509 1196 facinus
531 1133 673 1216 aggredi,

109 1267 112 1273 '
170 1260 372 1337 Benefaeere,

170 1386 364 1451 Soandalum
388 1408 408 1449 a
429 1408 481 1451 me
504 1388 673 1472 aeeepisse,

169 1512 342 1577 Advocatio
366 1513 508 1577 destitui.
623 1513 627 1520 '

170 2018 211 2079 In
234 2039 348 2081 manus
370 2025 453 2096 tuas,
476 2019 626 2097 Domine,
649 2040 701 2082 me
723 2019 829 2102 ipsum
851 2020 1050 2099 commendo,

189 2138 380 2228 ¹Spiritum,
404 2146 555 2224 animam,
579 2167 694 2230 eorpus
718 2169 837 2226 meum,

257 2273 390 2350 Creasti,
413 2280 446 2336 et
468 2273 634 2337 redemisti
651 2274 722 2352 illa,

299 2398 449 2476 Domine,
472 2401 562 2464 Deus
584 2400 738 2463 veritatis.
784 2401 873 2465 Ptol.
898 2401 982 2465 xxxi.
1006 2404 1038 2465 6.

169 2526 213 2589 Et
235 2546 363 2589 meeum
384 2546 473 2590 meos
494 2547 629 2610 meaque
652 2527 780 2606 omnia;

257 2652 385 2715 donasti
406 2652 486 2716 mihi
507 2653 572 2731 illa,
596 2653 747 2731 Domine,

342 2782 378 2844 in
400 2782 470 2845 'l'ua
491 2781 645 2846 bonitate.
694 2782 769 2844 Gen.
791 2781 900 2844 xxxiii.
924 2784 954 2845 5.

168 2906 303 2972 Custodi
326 2907 554 2971 dormitionem
576 2928 693 2986 meam,
717 2914 750 2970 et
930 2894 937 2908 ’

340 3033 606 3099 resurrectionem
628 3056 744 3114 meam,
789 3036 878 3098 Ptol.
902 3004 1024 3098 cxxxix.
1049 3037 1079 3098 1.

211 3185 250 3226 ex
272 3163 333 3227 hoe
355 3183 443 3227 nunc
465 3170 498 3226 et
519 3183 620 3246 usque
642 3163 678 3226 in
700 3163 867 3227 saeoulum.
913 3163 1003 3225 Paul.
1027 3161 1107 3225 cxxi.
1132 3163 1163 3225 8.

170 3293 348 3356 Memorem
371 3313 439 3355 esse
461 3291 523 3355 Tui
546 3311 642 3374 super
665 3296 807 3355 stratum
854 3290 957 3374 [Paul.
980 3289 1060 3353 lxiii.
1082 3288 1131 3372 6.]

255 3416 296 3480 ad
318 3416 515 3500 soopandum
538 3417 687 3499 spiritum
710 3426 830 3495 meum,
875 3416 961 3480 Ptol.
985 3416 1093 3481 lxxvii.
1117 3417 1148 3479 6.

342 3564 512 3625 exsurgere
534 3550 567 3606 et

300 3669 405 3733 adhue
427 3691 496 3734 esse
517 3677 636 3733 tecum.
682 3671 771 3733 Psal.
797 3669 919 3733 cxxxix.
944 3669 995 3732 18.

171 3800 211 3861 In
234 3819 311 3880 paee
333 3798 368 3860 in
392 3798 425 3861 id
447 3799 554 3881 ipsum
578 3798 737 3862 dormiam

300 3934 332 3990 et
354 3926 572 4009 requiescam

258 4053 420 4119 Quoniam
441 4054 500 4131 Tu,
524 4053 673 4129 Domine,
697 4049 905 4132 singulariter

343 4181 378 4243 in
401 4202 455 4264 spe
478 4180 653 4245 constitues
675 4199 737 4242 me.
783 4170 868 4240 Ptol.
891 4177 933 4241 ir.
959 4179 988 4239 8.
