2910 5002
257 419 321 483 176
537 419 674 482 ΕΤΧΑΙ
700 417 1039 481 ΚΑΘΗΜΕΡΙΝΑΙ.

502 585 699 651 mmm
723 588 766 654 εἴς
790 612 829 649 σε
851 585 905 650 τὸν
928 585 1069 671 Πατέρα,

252 692 407 793 Ἴδαν,
431 712 485 777 ιιι
508 713 624 798 Πατὴρ
647 713 697 786 ιι,
721 715 774 778 ιιι
796 713 886 794 ἡμεῖς
909 713 979 790 αι,

341 841 445 911 καθὼς
467 841 617 928 οῖιιτείρει
639 841 656 906 ὁ
680 842 797 927 Πατήρ
822 841 916 915 υἱούς,

427 968 669 1056 εῦσπλάεγχνιζε
692 968 733 1032 σύ
755 969 831 1056 περὶ
853 968 952 1050 ἡμῶν,
977 969 1084 1056 Κύριε.

471 1096 621 1161 Πιστεύω
643 1097 686 1164 εἴς
709 1122 749 1159 σε
771 1097 827 1161 τὸν
851 1098 979 1182 Κύριον,

253 1223 335 1289 Ἰδοι)
358 1223 407 1306 δὴ,
431 1224 488 1288 ἐάν
511 1223 629 1311 Κύριος
652 1224 704 1301 σῦ,
728 1226 781 1289 καὶ
803 1224 892 1306 ἡμεῖς
914 1224 1033 1301 δοῦλοι,

297 1352 328 1418 οἱ
349 1352 515 1438 ὀφθαλμοὶ
536 1353 626 1436 ἡμῶν
648 1355 692 1423 εἴς
715 1379 753 1418 σε
775 1354 830 1418 τὸν
852 1353 974 1442 Κύριον
994 1355 1091 1437 ἡμῶν,

384 1481 441 1551 ἕως
463 1479 499 1546 οὗ
521 1481 723 1567 οἰκτειρῆσαί
743 1509 783 1546 σε
803 1481 896 1562 ἡμᾶς.

255 1610 407 1676 Πιστεύω
429 1609 479 1676 ὅτι
504 1609 561 1677 ἐάν
581 1610 670 1692 ἡμεῖς
693 1610 761 1674 οὔθ’
784 1610 855 1691 υἱοὶ,
879 1612 952 1678 οὔτε
974 1612 1095 1692 δοῦλοι,

341 1736 431 1802 ἀλλά
453 1737 590 1822 κυνάρια
610 1737 716 1818 μόνον,

255 1866 331 1955 ἐξῆν
353 1864 430 1947 ἡμῖν
453 1864 572 1930 ἐσθίειν
595 1867 631 1930 εἰι
653 1871 716 1931 τῶν
738 1869 866 1955 ψιχίων
888 1867 1072 1933 πιπτόντων
1095 1868 1159 1934 άπὸ
1184 1872 1240 1950 τῆς

471 1993 628 2079 τραπέζης
650 2020 718 2058 σου.

255 2120 415 2193 Πιστεύω,
437 2119 487 2184 ὅτι
510 2120 526 2183 ὁ
548 2121 690 2206 Χριστὸς
712 2120 808 2202 α’μνός
830 2124 902 2187 ἐστι
924 2127 981 2188 τοῦ
1003 2126 1094 2197 Θεοῦ,

341 2248 421 2328 άμνὲ
442 2250 527 2313 Θεοῦ
550 2248 567 2312 ὁ
590 2249 687 2335 αἴρων
708 2249 765 2319 τάς
788 2249 945 2335 ἁμαρτίας
968 2254 1023 2314 τοῦ
1048 2250 1179 2332 κόσμον,

427 2374 496 2462 αἶρε
519 2376 573 2440 καὶ
596 2377 655 2445 τὰς
678 2378 764 2458 ἐμοῦ.

255 2501 416 2578 Πιστεύω,
438 2501 488 2567 άτι
510 2501 635 2582 Ἰησοῦς
657 2504 801 2589 Χριστὸς
823 2504 922 2586 ἦλθεν
944 2504 987 2574 εἰς

340 2628 394 2694 τὸν
416 2629 537 2710 κόσμον
559 2629 771 2715 ἁμαρτωλούς
794 2633 912 2696 σῶσαι·

253 2754 287 2826 ὃς
307 2754 404 2837 ἦλθες
427 2760 536 2823 σῶσαι
558 2756 632 2825 τούς
655 2755 873 2842 ἁμαρτωλούς,

342 2882 424 2963 κάμὲ
447 2887 556 2948 σῶσον
578 2887 641 2948 τῶν
663 2883 865 2968 ἁμαρτωλῶν

428 3010 613 3096 πρώτιστον
635 3010 691 3074 καὶ
712 3009 877 3092 μέγιστον.

182 3229 186 3239 ¹
255 3138 414 3211 Πιστεύω,
437 3137 487 3203 ὅτι
507 3137 609 3218 ἦλθεν
631 3137 648 3202 ὁ
670 3137 812 3225 Χριστὸς
834 3141 941 3203 σεῖσαι
963 3137 1000 3202 τὸ
1022 3136 1201 3209 ἀπολωλός·

341 3267 374 3338 ὃς
394 3266 492 3348 ἦλθες
515 3271 622 3333 σῶσαι
645 3267 681 3332 τὸ
704 3267 884 3340 ἀπολωλὸς,

381 3393 502 3477 μήποτ’
526 3394 589 3481 ἐᾷς,
614 3393 725 3480 Κύριε,
749 3392 936 3459 ἀπολέσθαι
957 3394 975 3457 ὃ
998 3393 1136 3463 ἔσωσας.

255 3521 413 3597 Πιστεύω,
435 3521 485 3587 άτι
508 3522 544 3586 τὸ
568 3523 702 3604 Πνεῦμα
726 3524 804 3604 ζωῆς
827 3520 945 3608 Κύριος
967 3521 1022 3586 καὶ
1043 3519 1157 3608 δωτήρ·

236 3682 243 3697 ·
340 3650 374 3721 ὃς
396 3647 471 3721 ἔδως
493 3674 548 3730 μοι
569 3647 687 3736 ψυχὴν
711 3650 825 3727 ζῶσαν,

253 3779 319 3853 Δὸς
339 3776 376 3843 τό
396 3778 441 3861 μὴ
463 3779 581 3857 λαβεῖν
603 3776 658 3841 ἐπὶ
679 3779 726 3862 τῷ
746 3777 874 3863 ματαίῳ

470 3906 528 3990 τὴν
548 3906 664 3994 ψυχήν
684 3931 756 3986 μον.

257 4037 417 4111 Πιστεύω,
440 4036 490 4103 ὅτι
511 4035 549 4100 τὸ
570 4036 704 4114 Πνεῦμα
726 4033 760 4097 ἐν
779 4038 846 4103 τοῖς
868 4031 1074 4116 άγιάσμασιν
1093 4031 1190 4099 αῦτοῦ

427 4165 525 4255 χάριν
545 4161 750 4247 μεταδίδωσι,

258 4292 324 4363 ,δὲ
344 4293 415 4375 ἐμοὶ
434 4292 479 4376 μὴ
501 4292 545 4362 εἰς
567 4293 656 4357 κέιον
677 4290 735 4372 τὴν
756 4288 856 4377 χάριν
