2910 5002
253 416 318 479 306
522 421 691 487 PRECES
720 425 1039 492 QUOTIDIANAE.

389 591 648 676 conservatione,

389 719 642 800 Gubernatione,

254 844 318 911 Pro
387 846 588 926 Eruditione,

387 973 560 1056 Civilitate,

349 1105 567 1191 [Religione

387 1233 631 1318 Redemptione,
682 1235 768 1319 [Gal.
792 1237 833 1300 iv.
859 1238 902 1322 7.]

387 1363 545 1448 Mysterio
567 1385 685 1447 magno
707 1364 847 1447 pietatis,
894 1366 926 1451 [1
956 1367 1033 1430 iam.
1058 1366 1102 1430 iii.
1129 1367 1196 1450 16.]

385 1491 623 1571 Exinauitione,
673 1493 772 1576 [Phil.
796 1493 828 1556 i‘u
854 1493 902 1580 7.]

386 1618 630 1699 Humiliatione,
683 1620 786 1704 [Vera.
811 1619 860 1708 8.]

384 1747 649 1831 Apprehensione
671 1749 802 1813 seminis
823 1749 999 1828 Abraham,
1035 1750 1129 1834 [Heb.
1154 1749 1187 1812 ii.
1214 1748 1282 1833 16.]

385 1874 516 1939 Unione
538 1875 579 1939 ad
600 1875 690 1956 illud,
741 1877 773 1961 [1
802 1879 878 1942 um.
902 1878 934 1942 ii.
959 1877 1005 1961 5.]

385 2002 557 2067 Oblatione
577 2005 660 2084 vitae,
707 2007 800 2090 [Heb.
824 2029 854 2070 x.
880 2006 946 2090 lta]

386 2133 548 2198 Sacrificio
568 2134 691 2198 mortis.
743 2137 835 2219 [Heu.
858 2137 899 2201 ix.
923 2136 991 2220 26.]

252 1678 316 1742 Pro

550 2264 652 2345 bonis,
676 2286 746 2349 quae
766 2266 842 2330 iecit
1010 2288 1030 2330 a
1048 2264 1183 2351 praesepi
1203 2284 1307 2348 usque

248 2328 312 2392 Pro
333 2327 484 2392 omnibus
502 2279 535 2459 {

547 2390 649 2472 malis,
673 2411 744 2474 quae
765 2413 875 2475 passm
897 2282 993 2457 est}
1058 2395 1100 2460 ad
1122 2415 1259 2460 crucem.

385 2517 545 2584 Universa
567 2519 753 2605 oeconomia,

386 2651 506 2713 Sancta
527 2650 765 2728 Incarnatione,

383 2780 527 2863 Paupere
549 2777 739 2858 Nativitate,
787 2864 795 2877 ι

383 2906 605 2972 Reclinatione
626 2906 662 2968 in
684 2926 833 2990 praesepe,
881 2905 970 2991 [Lac.
994 2906 1028 2971 ii.
1054 2907 1100 2990 7.]

383 3037 644 3114 Circumcisione,
667 3035 857 3120 subjiciente
880 3034 969 3118 Legi,
1017 3032 1124 3121 [Vera.
1148 3033 1216 3118 21.]

382 3165 537 3228 Primitiis
560 3163 735 3248 sanguinis,

381 3293 524 3358 Amabili
545 3292 678 3356 nomine
700 3293 791 3370 ‚lusu

249 3414 313 3478 Pr⁰
381 3420 645 3486 Manifestatione
668 3418 887 3503 peecatoribus
911 3419 951 3483 de
969 3418 1140 3498 Gentibus,
1187 3415 1300 3504 [Mau.

465 3546 587 3631 ii.11.]
1350 3541 1358 3554 ’

382 3675 634 3740 Praesentatione
655 3674 691 3737 in
712 3674 855 3758 Templo,
901 3673 993 3760 [Lac.
1017 3673 1049 3737 ii.
1073 3672 1144 3760 22]

381 3805 473 3887 Fuga
493 3805 528 3868 in
551 3806 741 3888 AEgyptum,
788 3799 900 3889 [Mau.
924 3802 957 3866 ii.
983 3800 1051 3888 la]

382 3933 553 3998 Oblatione
575 3933 658 4006 vita,

383 4062 411 4125 1.
436 4062 621 4145 Cupiditate
644 4062 805 4139 audiendi,

381 4192 412 4254 2.
436 4189 601 4255 Aviditate
624 4189 797 4274 quaerendi,

383 4319 413 4381 3.
439 4318 632 4382 Humilitate
654 4317 787 4403 parendi
808 4317 1003 4401 parentibus
1042 4318 1131 4401 [Luc.
1155 4318 1186 4381 ii.
1212 4319 1279 4402 51.]
