2910 5002
203 436 269 497 380
475 434 646 499 PRECES
670 434 991 501 QUOTIDIANAE.

733 606 919 681 Occasione,

337 736 368 800 A
389 742 521 819 peccato
543 735 677 818 ejusque
738 735 874 816 Fomite,

736 864 894 929 Periculo.

209 994 300 1059 Sicut
323 993 409 1058 onim
431 993 624 1076 poenitentia
645 992 783 1057 destruit
805 1000 916 1057 vetera
935 1002 1077 1077 peoeota,

340 1121 394 1185 Sic
415 1143 499 1186 nova
519 1128 650 1207 peccata
670 1120 908 1207 poenitentiam.

545 1365 655 1429 Oratio
679 1367 932 1448 Proeparatoric.

210 1502 361 1582 Domine,
382 1510 532 1586 peratum
554 1510 604 1567 est
626 1524 832 1568 cormeum:

388 1630 446 1715 (aie
468 1629 601 1708 Pealtea,
645 1631 733 1694 Peal.
757 1630 840 1695 cviii.
866 1632 908 1713 1.)

212 1759 286 1837 Sed,
310 1757 459 1837 Domine,
482 1765 593 1821 metuo
614 1778 656 1821 ne
678 1779 788 1822 meum
809 1779 877 1823 non
898 1758 961 1836 ait3

297 1888 401 1971 Cupio
422 1894 520 1966 certe,
542 1894 576 1951 et
598 1886 691 1952 doleo
713 1887 740 1950 ai
762 1887 880 1951 minus.

211 2017 347 2081 Utinam
369 2022 455 2080 esset
476 2016 643 2099 paratuml
673 2015 727 2080 hei
749 2015 840 2093 mihi,
863 2014 950 2099 quod
970 2035 1037 2079 non
1058 2013 1128 2078 eall

298 2146 447 2224 Domine,
471 2145 606 2229 dispono
628 2165 691 2224 me,
714 2150 748 2208 et
768 2165 922 2229 praeparo.

211 2274 339 2358 Adjuva
359 2272 612 2357 dispositionem,
634 2280 668 2337 et
688 2271 955 2356 praeparationem
977 2291 1082 2335 meam
1104 2270 1236 2354 supple.

297 2403 420 2466 Ponam
443 2409 575 2486 peccata
596 2422 669 2465 mea
691 2421 799 2465 coram
820 2422 885 2480 me,

220 2514 230 2531 ’
342 2531 391 2595 Ut
412 2551 480 2595 non
501 2529 567 2594 sint
589 2550 697 2594 coram
720 2530 776 2594 Te.

363 2778 447 2841 Ante
472 2778 654 2841 Concioaem
679 2778 808 2842 Cautela
830 2796 900 2839 cum
922 2775 1109 2839 Precatioae

501 2925 541 2968 ea
562 2905 720 2988 Falyentii
742 2905 764 2968 l.
787 2904 809 2968 i.
831 2904 877 2967 ad
896 2902 984 2967 Mon.

213 3040 406 3105 Praedicator
427 3040 560 3119 laboret,
584 3048 621 3104 ut
649 3039 796 3118 libenter,
819 3045 857 3101 ut
884 3037 1113 3121 intelligenter,
1135 3044 1170 3101 et
1191 3036 1273 3101 obe-

256 3168 383 3232 dienter
419 3167 578 3232 audiatur.
638 3169 683 3232 Et
713 3166 774 3231 hoc
805 3186 839 3229 ae
875 3184 969 3248 posse
1005 3163 1109 3248 magia
1146 3163 1272 3247 pietate

256 3296 449 3373 orationum,
487 3317 583 3379 quam
625 3295 780 3360 orationis
816 3294 980 3373 facultate,
1024 3315 1093 3359 non
1129 3292 1269 3357 dubitet.

256 3423 389 3488 Orando
413 3444 471 3505 pro
493 3444 536 3501 se,
559 3444 597 3486 ac
619 3423 683 3487 illis
707 3445 786 3506 quoe
817 3430 865 3487 eet
888 3422 1095 3501 allocuturus,
1117 3421 1159 3486 ait
1179 3421 1272 3504 priua

256 3557 372 3630 orator,
395 3572 492 3634 qnam
522 3551 654 3627 doctor3
687 3560 720 3616 et
741 3551 856 3616 devote
885 3551 1049 3631 accedens,
1079 3551 1270 3636 priusquam

257 3686 382 3743 exserat
404 3679 619 3763 proferentem
640 3679 786 3764 linguam
808 3680 849 3744 ad
868 3681 986 3760 Deum,
1001 3679 1103 3744 elevet
1125 3678 1272 3744 animam

258 3808 440 3885 sitientem
464 3816 502 3872 nt
531 3815 665 3888 eructet,
689 3810 775 3893 quod
803 3809 879 3874 inde
908 3809 1037 3889 biberit,
1060 3815 1095 3873 et
1122 3806 1272 3873 effundat

258 3936 344 4020 quod
365 3937 556 4021 impleverit.

213 4065 301 4147 Ergo
323 4086 343 4126 a
363 4085 439 4128 vero
461 4066 603 4129 Domino
625 4087 663 4130 ac
685 4067 846 4149 Magistro
874 4074 986 4131 nostro
1014 4067 1177 4151 postulare
1200 4087 1272 4131 non

257 4191 378 4272 desino,
394 4199 432 4257 nt
451 4214 490 4257 ea
503 4214 565 4266 me,
581 4194 647 4257 aive
662 4214 719 4278 per
733 4194 859 4278 eloquia
873 4195 1113 4280 Scripturamm
1127 4215 1272 4272 suornm,

257 4320 324 4386 eive
356 4342 414 4405 per
442 4320 741 4386 sermocinationem
771 4322 921 4400 fratrum,
951 4323 1017 4388 eive
1046 4343 1104 4407 per
1131 4319 1274 4406 inspira-
