2910 5002
468 449 638 514 Plenum
663 448 980 515 QUOTIDIANAE.
1192 453 1250 515 121

328 619 498 685 Memento
518 620 645 703 pinum
666 627 701 685 et
722 619 866 684 fidelium
890 621 1028 705 Regum,

197 765 280 828 quos
303 745 418 830 dignos
439 745 583 810 habuisti
605 747 662 829 qui
682 754 858 830 regnarent
880 769 976 832 super
997 755 1127 813 terrum

423 877 468 939 ut
488 875 525 939 in
545 874 657 958 primis
678 882 851 953 memento,
876 876 1026 955 Domine,
1130 944 1133 948 .

430 1001 584 1065 divinitus
605 1002 757 1066 custoditi
781 1001 879 1083 Regis
900 1003 1023 1066 nostri:

492 1128 661 1192 conrobora
684 1129 857 1212 imperium
878 1130 958 1212 ejus,

404 1255 515 1320 Subde
535 1256 597 1320 sub
618 1256 676 1320 illo
697 1277 808 1320 omnes
829 1255 1045 1322 advermnoa:

490 1385 622 1466 loquere
643 1385 744 1466 ipsius
766 1383 855 1448 eordi
876 1383 963 1448 bona

199 1515 262 1578 Pro
284 1513 429 1577 Ecclesia
450 1520 484 1576 et
506 1513 595 1577 omui
616 1512 735 1596 populo
757 1520 824 1581 tuo.

125 1673 127 1677 ’
241 1640 392 1706 Concede
413 1641 462 1704 illi
484 1640 677 1724 profundam
699 1649 733 1704 et
755 1641 917 1705 illibatam
939 1660 1061 1724 pacem,

371 1774 408 1830 ut
429 1768 465 1831 in
487 1760 590 1851 ipsius
612 1767 847 1851 tranquillitate

240 1896 463 1979 '1¹ranquillam
485 1904 519 1961 et
540 1895 684 1979 quietam
705 1894 806 1959 vitam
827 1894 983 1978 degamus

285 2041 360 2086 eum
381 2020 470 2086 omni
490 2021 611 2104 pietate
633 2028 667 2085 et
689 2020 889 2085 castimonia.
940 2021 974 2103 [1
1002 2021 1080 2084 Tim.
1102 2020 1136 2084 ii.
1160 2022 1205 2104 2.]

343 2272 522 2348 Memento,
547 2271 696 2348 Domine,
719 2270 825 2333 omniu
847 2269 1051 2353 Principatns
1072 2277 1107 2331 et

629 2400 808 2482 potestatis,

513 2534 547 2592 et
569 2529 721 2591 F'natrum
741 2527 787 2590 in⁴
800 2525 934 2601 Palatio,

199 2659 329 2742 Quique
350 2657 385 2720 in
406 2655 543 2720 concilio
565 2662 598 2719 et
620 2655 691 2718 foro
713 2653 869 2730 eminent,

241 2784 460 2865 omniumque,
484 2788 667 2865 quatem,
692 2801 756 2863 qua
778 2779 869 2855 mari,

284 2933 343 2996 pro
364 2910 459 2975 nobis
480 2917 538 2974 tua
559 2909 645 2973 bella
666 2909 859 2992 gerentium.

199 3184 306 3248 litium
327 3181 522 3259 meminisse,
546 3179 695 3257 Domine,
718 3179 859 3261 digneris

242 3312 435 3374 Sanctorum
457 3308 591 3371 Pati-um
613 3313 810 3384 nostrornm,

198 3434 401 3501 Venerabilis
423 3433 628 3517 Presbyterii,
650 3441 684 3496 et
705 3431 846 3496 universi
869 3429 965 3507 Cleri,

240 3565 343 3628 Reate
365 3559 502 3625 meantis
522 3559 656 3624 verbum
677 3560 830 3638 veritatis,
878 3558 912 3640 [2
938 3558 1015 3620 lim.
1038 3555 1072 3618 ii.
1098 3554 1164 3639 lu]

283 3696 317 3755 et
339 3696 429 3754 rento
450 3687 532 3773 pede
553 3688 732 3753 incedentis
753 3689 789 3751 in
811 3686 936 3752 eodem.
983 3684 1070 3768 [Gal.
1093 3683 1125 3745 ii.
1151 3683 1218 3765 14]

197 3941 379 4016 Memento,
402 3938 554 4016 Domine,
577 3937 713 4000 fratrum
737 3957 796 4000 nos
818 3933 1106 4009 circumstantium,

239 4068 284 4130 Et
307 4065 579 4148 comprecantium
601 4063 769 4128 nobiseum
791 4064 826 4126 in
841 4062 911 4125 >ista
932 4062 1012 4127 hora
1034 4066 1155 4139 sancte,

283 4190 325 4253 ob
349 4190 493 4253 studium
516 4199 549 4253 et
571 4190 770 4253 alacritatem
793 4189 945 4271 ipsorum.
