<?xml version="1.0" encoding="UTF-8"?>
<!DOCTYPE html PUBLIC "-//W3C//DTD XHTML 1.0 Transitional//EN"
    "http://www.w3.org/TR/xhtml1/DTD/xhtml1-transitional.dtd">
<html xmlns="http://www.w3.org/1999/xhtml" xml:lang="en" lang="en">
 <head>
  <title>
</title>
<meta http-equiv="Content-Type" content="text/html;charset=utf-8" />
  <meta name='ocr-system' content='tesseract 3.04.00' />
  <meta name='ocr-capabilities' content='ocr_page ocr_carea ocr_par ocr_line ocrx_word'/>
</head>
<body>
  <div class='ocr_page' id='page_1' title='image "./precesprivataeq00andrgoog_0296.png"; bbox 0 0 2910 5002; ppageno 0'>
   <div class='ocr_carea' id='block_1_1' title="bbox 448 443 1235 511">
    <p class='ocr_par' dir='ltr' id='par_1_1' title="bbox 448 443 1235 511">
     <span class='ocr_line' id='line_1_1' title="bbox 448 443 1235 511; baseline 0.004 -5"><span class='ocrx_word' id='word_1_1' title='bbox 448 443 618 508; x_wconf 81' lang='lat' dir='ltr'>PRECES</span> <span class='ocrx_word' id='word_1_2' title='bbox 645 443 964 509; x_wconf 78' lang='lat' dir='ltr'><strong>QUOTIDIANAE.</strong></span> <span class='ocrx_word' id='word_1_3' title='bbox 996 487 998 490; x_wconf 93' lang='lat'>-</span> <span class='ocrx_word' id='word_1_4' title='bbox 1169 448 1235 511; x_wconf 80' lang='lat'><strong>273</strong></span> 
     </span>
    </p>
   </div>
   <div class='ocr_carea' id='block_1_2' title="bbox 182 610 1129 2082">
    <p class='ocr_par' dir='ltr' id='par_1_2' title="bbox 182 610 1129 2082">
     <span class='ocr_line' id='line_1_2' title="bbox 438 610 868 687; baseline 0 -15"><span class='ocrx_word' id='word_1_5' title='bbox 438 611 501 672; x_wconf 88' lang='lat' dir='ltr'><strong>Pro</strong></span> <span class='ocrx_word' id='word_1_6' title='bbox 524 610 668 674; x_wconf 79' lang='lat' dir='ltr'><strong>Ecclesia</strong></span> <span class='ocrx_word' id='word_1_7' title='bbox 691 611 868 687; x_wconf 78' lang='lat' dir='ltr'><strong>catholica,</strong></span> 
     </span>
     <span class='ocr_line' id='line_1_3' title="bbox 182 734 824 818; baseline -0.002 -17"><span class='ocrx_word' id='word_1_8' title='bbox 182 740 244 801; x_wconf 91' lang='lat' dir='ltr'><strong>Pro</strong></span> <span class='ocrx_word' id='word_1_9' title='bbox 266 734 417 800; x_wconf 86' lang='lat' dir='ltr'><strong>Ecclesiis</strong></span> <span class='ocrx_word' id='word_1_10' title='bbox 440 755 497 818; x_wconf 91' lang='lat' dir='ltr'><strong>per</strong></span> <span class='ocrx_word' id='word_1_11' title='bbox 519 735 630 800; x_wconf 91' lang='lat' dir='ltr'><strong>orbem</strong></span> <span class='ocrx_word' id='word_1_12' title='bbox 655 743 824 815; x_wconf 87' lang='lat' dir='ltr'><strong>terrarum,</strong></span> 
     </span>
     <span class='ocr_line' id='line_1_4' title="bbox 224 861 1004 944; baseline -0.004 -15"><span class='ocrx_word' id='word_1_13' title='bbox 224 867 344 929; x_wconf 76' lang='lat' dir='ltr'><strong>Esmm</strong></span> <span class='ocrx_word' id='word_1_14' title='bbox 366 883 411 926; x_wconf 86' lang='lat' dir='ltr'><strong>sc.</strong></span> <span class='ocrx_word' id='word_1_15' title='bbox 434 864 579 942; x_wconf 86' lang='lat' dir='ltr'><strong>veritate,</strong></span> <span class='ocrx_word' id='word_1_16' title='bbox 602 865 738 944; x_wconf 87' lang='lat' dir='ltr'><strong>unitate,</strong></span> <span class='ocrx_word' id='word_1_17' title='bbox 763 872 797 928; x_wconf 89' lang='lat' dir='ltr'><strong>et</strong></span> <span class='ocrx_word' id='word_1_18' title='bbox 818 861 1004 928; x_wconf 70' lang='lat' dir='ltr'><strong>stabilitate„</strong></span> 
     </span>
     <span class='ocr_line' id='line_1_5' title="bbox 269 987 1039 1072; baseline -0.001 -19"><span class='ocrx_word' id='word_1_19' title='bbox 269 992 310 1053; x_wconf 92' lang='lat' dir='ltr'><strong>In</strong></span> <span class='ocrx_word' id='word_1_20' title='bbox 332 989 482 1053; x_wconf 89' lang='lat' dir='ltr'><strong>omnibus</strong></span> <span class='ocrx_word' id='word_1_21' title='bbox 503 989 610 1072; x_wconf 83' lang='lat' dir='ltr'><strong>vigeat</strong></span> <span class='ocrx_word' id='word_1_22' title='bbox 633 989 782 1067; x_wconf 82' lang='lat' dir='ltr'><strong>charitas,</strong></span> <span class='ocrx_word' id='word_1_23' title='bbox 806 989 892 1053; x_wconf 83' lang='lat' dir='ltr'><strong>vivat</strong></span> <span class='ocrx_word' id='word_1_24' title='bbox 913 987 1039 1053; x_wconf 79' lang='lat' dir='ltr'><strong>veritas</strong></span> 
     </span>
     <span class='ocr_line' id='line_1_6' title="bbox 353 1114 722 1189; baseline 0 -11"><span class='ocrx_word' id='word_1_25' title='bbox 353 1116 417 1178; x_wconf 90' lang='lat' dir='ltr'><strong>Pro</strong></span> <span class='ocrx_word' id='word_1_26' title='bbox 438 1114 583 1178; x_wconf 80' lang='lat' dir='ltr'><strong>Ecclesia</strong></span> <span class='ocrx_word' id='word_1_27' title='bbox 602 1121 722 1189; x_wconf 87' lang='lat' dir='ltr'><strong>nostra,</strong></span> 
     </span>
     <span class='ocr_line' id='line_1_7' title="bbox 226 1241 1129 1326; baseline -0.003 -19"><span class='ocrx_word' id='word_1_28' title='bbox 226 1244 284 1321; x_wconf 90' lang='lat' dir='ltr'><strong>Ut,</strong></span> <span class='ocrx_word' id='word_1_29' title='bbox 308 1263 378 1326; x_wconf 72' lang='lat' dir='ltr'><strong>quse</strong></span> <span class='ocrx_word' id='word_1_30' title='bbox 399 1242 436 1304; x_wconf 90' lang='lat' dir='ltr'><strong>in</strong></span> <span class='ocrx_word' id='word_1_31' title='bbox 457 1261 496 1306; x_wconf 91' lang='lat' dir='ltr'><strong>ea</strong></span> <span class='ocrx_word' id='word_1_32' title='bbox 518 1241 644 1315; x_wconf 87' lang='lat' dir='ltr'><strong>desunt,</strong></span> <span class='ocrx_word' id='word_1_33' title='bbox 668 1242 886 1325; x_wconf 79' lang='lat' dir='ltr'>suppleantur,</span> <span class='ocrx_word' id='word_1_34' title='bbox 937 1243 1015 1326; x_wconf 73' lang='lat' dir='ltr'><strong>[w.</strong></span> <span class='ocrx_word' id='word_1_35' title='bbox 1038 1243 1060 1306; x_wconf 90' lang='lat' dir='ltr'><strong>i.</strong></span> <span class='ocrx_word' id='word_1_36' title='bbox 1084 1242 1129 1326; x_wconf 81' lang='grc'><strong>5.]</strong></span> 
     </span>
     <span class='ocr_line' id='line_1_8' title="bbox 269 1369 788 1452; baseline 0.002 -20"><span class='ocrx_word' id='word_1_37' title='bbox 269 1389 341 1452; x_wconf 78' lang='lat' dir='ltr'><strong>qua</strong></span> <span class='ocrx_word' id='word_1_38' title='bbox 363 1389 430 1433; x_wconf 88' lang='lat' dir='ltr'><strong>non</strong></span> <span class='ocrx_word' id='word_1_39' title='bbox 451 1375 550 1447; x_wconf 87' lang='lat' dir='ltr'><strong>recta,</strong></span> <span class='ocrx_word' id='word_1_40' title='bbox 573 1369 788 1452; x_wconf 80' lang='lat' dir='ltr'><strong>corrigantur,</strong></span> 
     </span>
     <span class='ocr_line' id='line_1_9' title="bbox 183 1495 959 1574; baseline 0 -14"><span class='ocrx_word' id='word_1_41' title='bbox 183 1498 231 1560; x_wconf 92' lang='lat' dir='ltr'><strong>Ut</strong></span> <span class='ocrx_word' id='word_1_42' title='bbox 252 1517 364 1560; x_wconf 91' lang='lat' dir='ltr'><strong>omnes</strong></span> <span class='ocrx_word' id='word_1_43' title='bbox 388 1497 547 1574; x_wconf 68' lang='lat' dir='ltr'><strong>Haereses,</strong></span> <span class='ocrx_word' id='word_1_44' title='bbox 571 1496 764 1574; x_wconf 74' lang='lat' dir='ltr'><strong>schismata,</strong></span> <span class='ocrx_word' id='word_1_45' title='bbox 790 1495 959 1574; x_wconf 84' lang='lat' dir='ltr'><strong>Scandala,</strong></span> 
     </span>
     <span class='ocr_line' id='line_1_10' title="bbox 267 1623 1015 1706; baseline -0.003 -19"><span class='ocrx_word' id='word_1_46' title='bbox 267 1631 335 1688; x_wconf 79' lang='lat' dir='ltr'><strong>tam</strong></span> <span class='ocrx_word' id='word_1_47' title='bbox 356 1623 494 1706; x_wconf 87' lang='lat' dir='ltr'><strong>publica,</strong></span> <span class='ocrx_word' id='word_1_48' title='bbox 518 1644 614 1706; x_wconf 82' lang='lat' dir='ltr'><strong>quam</strong></span> <span class='ocrx_word' id='word_1_49' title='bbox 636 1624 770 1706; x_wconf 85' lang='lat' dir='ltr'><strong>privata,</strong></span> <span class='ocrx_word' id='word_1_50' title='bbox 794 1628 1015 1688; x_wconf 87' lang='lat' dir='ltr'><strong>amoveantur.</strong></span> 
     </span>
     <span class='ocr_line' id='line_1_11' title="bbox 354 1748 668 1830; baseline 0 -18"><span class='ocrx_word' id='word_1_51' title='bbox 354 1749 510 1812; x_wconf 78' lang='lat' dir='ltr'><strong>Errantes</strong></span> <span class='ocrx_word' id='word_1_52' title='bbox 532 1748 668 1830; x_wconf 84' lang='lat' dir='ltr'><strong>corrige,</strong></span> 
     </span>
     <span class='ocr_line' id='line_1_12' title="bbox 354 1874 725 1953; baseline 0.005 -15"><span class='ocrx_word' id='word_1_53' title='bbox 354 1874 543 1938; x_wconf 89' lang='lat' dir='ltr'><strong>Incredulos</strong></span> <span class='ocrx_word' id='word_1_54' title='bbox 565 1883 725 1953; x_wconf 84' lang='lat' dir='ltr'><strong>converte,</strong></span> 
     </span>
     <span class='ocr_line' id='line_1_13' title="bbox 354 2000 784 2082; baseline 0.002 -18"><span class='ocrx_word' id='word_1_55' title='bbox 354 2001 506 2064; x_wconf 84' lang='lat' dir='ltr'><strong>Ecclesiae</strong></span> <span class='ocrx_word' id='word_1_56' title='bbox 529 2000 627 2063; x_wconf 90' lang='lat' dir='ltr'><strong>fidem</strong></span> <span class='ocrx_word' id='word_1_57' title='bbox 650 2000 784 2082; x_wconf 83' lang='lat' dir='ltr'><strong>adauge,</strong></span> 
     </span>
    </p>
   </div>
   <div class='ocr_carea' id='block_1_3' title="bbox 357 2126 669 2203">
    <p class='ocr_par' dir='ltr' id='par_1_3' title="bbox 357 2126 669 2203">
     <span class='ocr_line' id='line_1_14' title="bbox 357 2126 669 2203; baseline 0 -14"><span class='ocrx_word' id='word_1_58' title='bbox 357 2127 505 2189; x_wconf 84' lang='lat' dir='ltr'><strong>Haereses</strong></span> <span class='ocrx_word' id='word_1_59' title='bbox 528 2126 669 2203; x_wconf 88' lang='lat' dir='ltr'><strong>destruc,</strong></span> 
     </span>
    </p>
   </div>
   <div class='ocr_carea' id='block_1_4' title="bbox 358 2253 831 2450">
    <p class='ocr_par' dir='ltr' id='par_1_4' title="bbox 358 2253 831 2450">
     <span class='ocr_line' id='line_1_15' title="bbox 539 2253 831 2335; baseline 0 -19"><span class='ocrx_word' id='word_1_60' title='bbox 539 2260 683 2316; x_wconf 87' lang='lat' dir='ltr'><strong>versutos</strong></span> <span class='ocrx_word' id='word_1_61' title='bbox 707 2253 831 2335; x_wconf 83' lang='lat' dir='ltr'><strong>detege,</strong></span> 
     </span>
     <span class='ocr_line' id='line_1_16' title="bbox 358 2277 526 2450; baseline -0.012 -64"><span class='ocrx_word' id='word_1_62' title='bbox 358 2325 479 2386; x_wconf 84' lang='lat' dir='ltr'><strong>Hostes</strong></span> <span class='ocrx_word' id='word_1_63' title='bbox 492 2277 526 2450; x_wconf 65' lang='lat'>{</span> 
     </span>
    </p>
   </div>
   <div class='ocr_carea' id='block_1_5' title="bbox 269 2380 1236 3837">
    <p class='ocr_par' dir='ltr' id='par_1_5' title="bbox 269 2380 1236 3837">
     <span class='ocr_line' id='line_1_17' title="bbox 539 2380 860 2446; baseline -0.016 0"><span class='ocrx_word' id='word_1_64' title='bbox 539 2380 697 2446; x_wconf 82' lang='lat' dir='ltr'><strong>violentos</strong></span> <span class='ocrx_word' id='word_1_65' title='bbox 719 2385 860 2443; x_wconf 85' lang='lat' dir='ltr'><strong>contere.</strong></span> 
     </span>
     <span class='ocr_line' id='line_1_18' title="bbox 443 2509 642 2571; baseline -0.02 1"><span class='ocrx_word' id='word_1_66' title='bbox 443 2510 507 2571; x_wconf 90' lang='lat' dir='ltr'><strong>Pro</strong></span> <span class='ocrx_word' id='word_1_67' title='bbox 530 2509 642 2571; x_wconf 85' lang='lat' dir='ltr'><strong>Clero:</strong></span> 
     </span>
     <span class='ocr_line' id='line_1_19' title="bbox 270 2642 556 2711; baseline -0.01 -12"><span class='ocrx_word' id='word_1_68' title='bbox 270 2643 307 2699; x_wconf 88' lang='lat' dir='ltr'><strong>ut</strong></span> <span class='ocrx_word' id='word_1_69' title='bbox 329 2643 415 2700; x_wconf 87' lang='lat' dir='ltr'><strong>recte</strong></span> <span class='ocrx_word' id='word_1_70' title='bbox 438 2642 556 2711; x_wconf 80' lang='lat' dir='ltr'><strong>secent,</strong></span> 
     </span>
     <span class='ocr_line' id='line_1_20' title="bbox 270 2759 704 2844; baseline -0.016 -17"><span class='ocrx_word' id='word_1_71' title='bbox 270 2771 307 2827; x_wconf 89' lang='lat' dir='ltr'><strong>ut</strong></span> <span class='ocrx_word' id='word_1_72' title='bbox 328 2769 417 2826; x_wconf 87' lang='lat' dir='ltr'><strong>recto</strong></span> <span class='ocrx_word' id='word_1_73' title='bbox 437 2762 519 2844; x_wconf 89' lang='lat' dir='ltr'><strong>pede</strong></span> <span class='ocrx_word' id='word_1_74' title='bbox 539 2759 704 2834; x_wconf 86' lang='lat' dir='ltr'><strong>incedant,</strong></span> 
     </span>
     <span class='ocr_line' id='line_1_21' title="bbox 271 2881 1236 2969; baseline -0.009 -14"><span class='ocrx_word' id='word_1_75' title='bbox 271 2898 320 2969; x_wconf 91' lang='lat' dir='ltr'><strong>ut,</strong></span> <span class='ocrx_word' id='word_1_76' title='bbox 343 2891 422 2954; x_wconf 87' lang='lat' dir='ltr'><strong>alios</strong></span> <span class='ocrx_word' id='word_1_77' title='bbox 446 2889 608 2966; x_wconf 89' lang='lat' dir='ltr'><strong>docentes,</strong></span> <span class='ocrx_word' id='word_1_78' title='bbox 715 2881 908 2968; x_wconf 80' lang='grc' dir='ltr'>ὀρθοτομεῖν,</span> <span class='ocrx_word' id='word_1_79' title='bbox 956 2883 989 2968; x_wconf 81' lang='lat'><strong>[2</strong></span> <span class='ocrx_word' id='word_1_80' title='bbox 1015 2884 1094 2950; x_wconf 76' lang='lat' dir='ltr'><strong>lim.</strong></span> <span class='ocrx_word' id='word_1_81' title='bbox 1113 2883 1146 2947; x_wconf 85' lang='lat' dir='ltr'><strong>ii.</strong></span> <span class='ocrx_word' id='word_1_82' title='bbox 1168 2881 1236 2968; x_wconf 79' lang='lat'>15.]</span> 
     </span>
     <span class='ocr_line' id='line_1_22' title="bbox 269 2901 1194 3100; baseline -0.008 -21"><span class='ocrx_word' id='word_1_83' title='bbox 269 3018 331 3100; x_wconf 88' lang='lat' dir='ltr'><strong>ipsi</strong></span> <span class='ocrx_word' id='word_1_84' title='bbox 354 3017 488 3094; x_wconf 86' lang='lat' dir='ltr'><strong>discant,</strong></span> <span class='ocrx_word' id='word_1_85' title='bbox 670 2901 912 3098; x_wconf 63' lang='lat' dir='ltr'><strong>{ipOorroiela</strong></span> <span class='ocrx_word' id='word_1_86' title='bbox 960 3009 1047 3093; x_wconf 75' lang='lat' dir='ltr'><strong>[Gal.</strong></span> <span class='ocrx_word' id='word_1_87' title='bbox 1070 3010 1105 3073; x_wconf 92' lang='lat' dir='ltr'><strong>ii.</strong></span> <span class='ocrx_word' id='word_1_88' title='bbox 1129 3008 1194 3092; x_wconf 63' lang='lat'><strong>14]</strong></span> 
     </span>
     <span class='ocr_line' id='line_1_23' title="bbox 401 3143 630 3225; baseline -0.017 -17"><span class='ocrx_word' id='word_1_89' title='bbox 401 3146 465 3208; x_wconf 90' lang='lat' dir='ltr'><strong>Pro</strong></span> <span class='ocrx_word' id='word_1_90' title='bbox 487 3143 630 3225; x_wconf 87' lang='lat' dir='ltr'><strong>Populo:</strong></span> 
     </span>
     <span class='ocr_line' id='line_1_24' title="bbox 270 3262 1106 3352; baseline -0.008 -20"><span class='ocrx_word' id='word_1_91' title='bbox 270 3290 312 3332; x_wconf 88' lang='lat' dir='ltr'><strong>ne</strong></span> <span class='ocrx_word' id='word_1_92' title='bbox 334 3269 406 3352; x_wconf 90' lang='lat' dir='ltr'><strong>plus</strong></span> <span class='ocrx_word' id='word_1_93' title='bbox 428 3267 533 3351; x_wconf 85' lang='lat' dir='ltr'><strong>sapiat</strong></span> <span class='ocrx_word' id='word_1_94' title='bbox 555 3288 652 3350; x_wconf 89' lang='lat' dir='ltr'><strong>quam</strong></span> <span class='ocrx_word' id='word_1_95' title='bbox 674 3271 809 3350; x_wconf 85' lang='lat' dir='ltr'><strong>oportet,</strong></span> <span class='ocrx_word' id='word_1_96' title='bbox 856 3265 959 3348; x_wconf 80' lang='lat' dir='ltr'><strong>[Rom.</strong></span> <span class='ocrx_word' id='word_1_97' title='bbox 984 3264 1038 3327; x_wconf 89' lang='lat' dir='ltr'><strong>xii.</strong></span> <span class='ocrx_word' id='word_1_98' title='bbox 1061 3262 1106 3345; x_wconf 88' lang='grc'><strong>3.]</strong></span> 
     </span>
     <span class='ocr_line' id='line_1_25' title="bbox 270 3360 1013 3479; baseline -0.007 -20"><span class='ocrx_word' id='word_1_99' title='bbox 270 3395 327 3459; x_wconf 90' lang='lat' dir='ltr'><strong>sed</strong></span> <span class='ocrx_word' id='word_1_100' title='bbox 348 3393 577 3479; x_wconf 86' lang='lat' dir='ltr'><strong>persuadeatur</strong></span> <span class='ocrx_word' id='word_1_101' title='bbox 597 3393 731 3470; x_wconf 85' lang='lat' dir='ltr'><strong>ratione,</strong></span> <span class='ocrx_word' id='word_1_102' title='bbox 1010 3360 1013 3364; x_wconf 14' lang='grc' dir='ltr'><strong><em>Δ</em></strong></span> 
     </span>
     <span class='ocr_line' id='line_1_26' title="bbox 270 3521 855 3602; baseline -0.003 -17"><span class='ocrx_word' id='word_1_103' title='bbox 270 3530 304 3586; x_wconf 88' lang='lat' dir='ltr'><strong>et</strong></span> <span class='ocrx_word' id='word_1_104' title='bbox 325 3523 418 3588; x_wconf 84' lang='lat' dir='ltr'><strong>cedat</strong></span> <span class='ocrx_word' id='word_1_105' title='bbox 440 3521 624 3586; x_wconf 80' lang='lat' dir='ltr'><strong>auctoritati</strong></span> <span class='ocrx_word' id='word_1_106' title='bbox 646 3521 855 3602; x_wconf 89' lang='lat' dir='ltr'><strong>superiorum.</strong></span> 
     </span>
     <span class='ocr_line' id='line_1_27' title="bbox 400 3647 631 3713; baseline -0.004 0"><span class='ocrx_word' id='word_1_107' title='bbox 400 3652 464 3713; x_wconf 89' lang='lat' dir='ltr'><strong>Pro</strong></span> <span class='ocrx_word' id='word_1_108' title='bbox 488 3647 631 3713; x_wconf 90' lang='lat' dir='ltr'><strong>Politiis:</strong></span> 
     </span>
     <span class='ocr_line' id='line_1_28' title="bbox 571 3772 746 3837; baseline -0.006 0"><span class='ocrx_word' id='word_1_109' title='bbox 571 3772 746 3837; x_wconf 79' lang='lat' dir='ltr'><strong>stabilitate</strong></span> 
     </span>
    </p>
   </div>
   <div class='ocr_carea' id='block_1_6' title="bbox 270 3909 928 4368">
    <p class='ocr_par' dir='ltr' id='par_1_6' title="bbox 270 3909 928 4368">
     <span class='ocr_line' id='line_1_29' title="bbox 643 3909 928 3965; baseline -0.014 0"><span class='ocrx_word' id='word_1_110' title='bbox 643 3909 676 3965; x_wconf 92' lang='lat' dir='ltr'><strong>et</strong></span> <span class='ocrx_word' id='word_1_111' title='bbox 810 3918 928 3964; x_wconf 84' lang='lat' dir='ltr'><strong>earum.</strong></span> 
     </span>
     <span class='ocr_line' id='line_1_30' title="bbox 614 4050 692 4114; baseline 0 0"><span class='ocrx_word' id='word_1_112' title='bbox 614 4050 692 4114; x_wconf 67' lang='lat' dir='ltr'><strong>l)aee</strong></span> 
     </span>
     <span class='ocr_line' id='line_1_31' title="bbox 399 4160 610 4242; baseline 0.005 -20"><span class='ocrx_word' id='word_1_113' title='bbox 399 4160 463 4223; x_wconf 90' lang='lat' dir='ltr'><strong>Pro</strong></span> <span class='ocrx_word' id='word_1_114' title='bbox 486 4160 610 4242; x_wconf 80' lang='lat' dir='ltr'><strong>Regno,</strong></span> 
     </span>
     <span class='ocr_line' id='line_1_32' title="bbox 270 4285 461 4368; baseline 0 -19"><span class='ocrx_word' id='word_1_115' title='bbox 270 4285 461 4368; x_wconf 87' lang='lat' dir='ltr'><strong>Municipio,</strong></span> 
     </span>
    </p>
   </div>
   <div class='ocr_carea' id='block_1_7' title="bbox 232 4426 405 4462">
    <p class='ocr_par' dir='ltr' id='par_1_7' title="bbox 232 4426 405 4462">
     <span class='ocr_line' id='line_1_33' title="bbox 232 4426 405 4462; baseline 0.012 -2"><span class='ocrx_word' id='word_1_116' title='bbox 232 4427 290 4462; x_wconf 72' lang='grc' dir='ltr'><strong>ΔΜ).</strong></span> <span class='ocrx_word' id='word_1_117' title='bbox 308 4426 405 4462; x_wconf 65' lang='lat' dir='ltr'><strong>Pum-</strong></span> 
     </span>
    </p>
   </div>
   <div class='ocr_carea' id='block_1_8' title="bbox 0 0 1460 5002">
    <p class='ocr_par' dir='ltr' id='par_1_8' title="bbox 0 0 1460 5002">
     <span class='ocr_line' id='line_1_34' title="bbox 0 0 1460 5002; baseline 0 0"><span class='ocrx_word' id='word_1_118' title='bbox 0 0 1460 5002; x_wconf 95' lang='lat' dir='ltr'><strong> </strong></span> 
     </span>
    </p>
   </div>
  </div>
 </body>
</html>
