2910 5002
465 440 633 504 PRECES
658 439 980 505 QUOTIDIANAE.
1210 439 1252 501 87

428 606 563 671 Nemini
585 607 646 670 Dei
670 607 789 685 Gloria,
813 615 870 670 aut

280 757 325 799 un
326 605 418 947 (14
973 676 1145 736 raventura

428 736 579 799 Ecclesiae
599 757 752 818 magnum
774 734 902 818 aliquod
1038 806 1103 862 ω

469 862 592 928 bonum

284 991 346 1054 Pro
367 989 407 1053 iia
430 990 485 1073 qui
505 988 665 1055 beneficos
687 1011 721 1054 ae
743 990 887 1073 praebent

934 1137 985 1181 res
1007 1139 1122 1197 sacrm,
1179 1204 1182 1209 ⁶

797 1205 874 1267 erga
890 1134 1100 1327 {pauperes⁸

285 1373 348 1436 Pro
368 1372 418 1451 iis,
441 1373 497 1455 qui
519 1371 613 1444 facto,
629 1378 686 1436 aut
708 1371 805 1449 dicto,
822 1392 965 1454 unquam
986 1391 1074 1435 ame
1096 1371 1253 1436 scandali-

370 1500 434 1562 zati
455 1499 584 1563 fuerint

198 1811 286 1875 Deua
307 1809 499 1875 misereatur
520 1812 593 1890 mei,

284 1947 317 2003 et
338 1938 509 2004 benedicat
530 1940 631 2018 mihi,

198 2065 365 2130 illuminet
388 2067 513 2131 vultum
536 2088 630 2131 anum
653 2087 830 2150 superine,

284 2199 317 2256 et
339 2193 529 2257 misereatur
550 2193 633 2270 mei;

204 2320 496 2403 [Benedicatmihi
519 2322 619 2400 Deua,
643 2323 731 2386 Deus
753 2322 887 2404 noster]

199 2443 377 2508 Benedicat
398 2444 479 2508 mihi
502 2447 600 2510 Deus.
647 2447 735 2508 Paci.
759 2447 845 2510 lxvii.
871 2450 901 2524 l,
924 2448 955 2526 6,
979 2450 1009 2512 7.

414 2571 533 2654 Accipe
555 2572 734 2636 orationem
757 2555 873 2649 meam,
920 2573 1020 2657 [Ptol.
1045 2573 1084 2637 vi.
1108 2574 1156 2655 9.]

201 2698 313 2782 Dirige
335 2698 435 2761 vitam
456 2718 563 2761 meam
585 2698 626 2761 ad
648 2697 802 2762 mandata
822 2705 890 2776 tua,
953 2735 961 2753 ·

287 2823 440 2889 Animam
462 2824 635 2902 sanctifica,

287 2949 411 3032 Corpus
433 2949 576 3033 purifica,

288 3075 509 3158 Cogitationes
531 3077 665 3159 corrige,

286 3203 459 3286 Appetitas
481 3203 611 3280 mimda,

287 3329 441 3394 Animam
462 3337 495 3393 et
517 3352 640 3414 corpus,

289 3459 439 3522 Mentem
461 3467 494 3522 et
518 3458 685 3542 Spiritum,

289 3566 354 3650 Cor
375 3592 408 3649 et
429 3605 533 3650 renes.
584 3584 686 3668 [Ptol.
707 3584 760 3648 vii.
782 3584 828 3668 9.]

200 3712 319 3775 'fotum
341 3732 403 3789 me,
426 3711 575 3789 Domine,
599 3731 736 3775 renova:

247 3839 340 3917 Quia,
364 3840 460 3902 modo
482 3839 569 3916 velis,
592 3837 702 3921 poesia.
751 3837 840 3921 [Lac.
863 3859 892 3900 v.
918 3835 982 3918 la]

292 4162 321 4226 1.
346 4162 516 4240 Dominus,
540 4160 710 4237 Dominus,

291 4291 322 4351 2.
347 4289 437 4351 Deus
