2910 5002
529 438 703 506 Plancus
729 439 1046 507 QUOTIDIANAE.

469 614 628 697 Cuperem
648 619 688 676 ut
709 611 832 696 magis3

470 740 653 805 Gauderem
676 740 704 803 si
724 739 846 823 magis3

469 868 583 947 Doleo,
606 867 771 951 quianon
792 866 905 951 magis

473 996 575 1081 Cupio
596 996 685 1061 euim
705 1003 744 1060 ut
766 995 869 1080 magis
890 1015 1029 1080 possem,
1052 1002 1086 1059 et

560 1125 664 1189 Doleo
685 1123 762 1207 quia
782 1123 886 1208 magis
907 1145 975 1189 non
997 1144 1135 1208 possum.

474 1253 590 1317 Fateor
611 1251 786 1316 dolendum
809 1251 952 1316 dolorem
973 1271 1094 1330 meum,

560 1379 605 1442 Et
627 1377 720 1442 doleo
740 1378 810 1462 ipse
830 1383 901 1441 tam
923 1376 1108 1442 dolendum.

345 1506 399 1585 Et,
422 1506 452 1571 O
475 1505 547 1590 quis
567 1505 649 1570 mihi
670 1506 736 1584 det,
758 1512 797 1569 ιιι
818 1505 891 1590 plus
911 1505 1079 1589 magisque
1100 1505 1253 1590 possem?
1323 1547 1327 1554 -

432 1634 514 1716 Ego,
537 1634 565 1698 si
585 1654 685 1718 penes
707 1654 761 1698 me
782 1639 878 1711 esset,
897 1630 1094 1717 prasta'rena

518 1759 583 1824 Sed
603 1780 702 1844 penes
724 1781 865 1824 menon
888 1766 955 1835 est3

345 1887 388 1951 In
408 1892 568 1971 potestate
590 1909 664 1952 mea
684 1909 752 1952 non
773 1894 833 1951 est

388 2016 490 2080 Penes
511 2037 564 2081 me
583 2016 713 2100 quidem
732 2024 782 2081 est
802 2016 979 2101 appretiare
997 2015 1083 2100 quod
1100 2016 1172 2100 plus
1187 2016 1299 2101 magis
1314 2043 1323 2092 ς

516 2143 610 2208 Velle
632 2143 730 2208 etiam
752 2150 790 2208 ut
811 2143 883 2227 plus
905 2143 1016 2226 magis.

344 2270 437 2335 Velle
455 2270 538 2334 mihi
560 2271 684 2357 adjacet
693 2298 703 2351 3
724 2272 876 2356 perficere
899 2278 1010 2335 autem
1030 2291 1098 2336 uon
1116 2270 1257 2337 invenio.

259 2399 318 2478 nu,
342 2397 490 2477 Domine,
513 2398 564 2478 da,
587 2420 686 2483 penes
707 2400 753 2463 Te
775 2404 884 2463 estut
906 2397 972 2463 des.

345 2526 396 2590 'Pu
417 2525 472 2610 qui
493 2524 590 2591 vertis
610 2527 662 2591 vel
684 2526 805 2590 silicem
826 2527 863 2590 in
884 2547 983 2610 aquas
1006 2532 1204 2609 stagnantes.
1245 2584 1248 2591 .

260 2655 313 2720 Da
333 2655 490 2739 lacrymas
500 2681 510 2734 ;
542 2655 582 2719 da
604 2655 728 2719 fontem
750 2654 848 2739 capiti
870 2675 951 2720 meo.

477 2784 529 2847 Da
551 2782 688 2866 gratiam
710 2783 935 2866 lacrymarum.

347 2913 477 2990 Rorate,
501 2911 584 2990 coeli,
608 2910 753 2995 desuper,

347 3040 391 3104 Et
413 3039 516 3124 rigate
539 3039 721 3103 ariditatem
744 3022 863 3103 deserti
884 3039 958 3102 mei.

261 3167 323 3245 Da,
345 3166 497 3245 Domine,
520 3165 657 3249 gratiam
679 3165 778 3243 hanc„

261 3294 399 3358 Nullum
420 3293 501 3357 mihi
523 3293 644 3359 donum
666 3294 800 3378 gratius,

389 3423 467 3486 Non
490 3421 517 3484 si
540 3443 616 3506 opes
636 3423 767 3501 multas,

475 3547 555 3612 Non
577 3548 605 3612 si
626 3554 755 3614 terrena
776 3549 827 3614 vel
848 3549 991 3633 optima;

262 3677 368 3744 Quam
391 3676 418 3741 si
439 3675 521 3741 mihi
542 3676 700 3762 lacrymas
710 3703 720 3755 ;

392 3803 513 3870 Quales
535 3804 653 3869 Davidi
674 3803 762 3883 olim,
786 3805 836 3868 vel
858 3806 879 3868 J
881 3804 1025 3869 eremiae:

391 3933 511 3999 Quales
531 3932 747 4016 Magdalenae‚
770 3932 821 3997 vel
843 3934 941 3998 Petro
962 3932 1136 3998 indulsisti.

263 4056 386 4123 Saltem
408 4059 585 4124 stillantem
607 4061 747 4139 oculum,
798 4112 802 4120 .

390 4186 444 4250 Ne
466 4193 556 4252 totus
578 4187 640 4251 sim
663 4188 751 4252 silex.

259 4311 339 4381 Non
360 4317 398 4376 ut
420 4319 558 4378 stratum
579 4335 689 4379 meum
710 4315 816 4379 lavare
838 4315 970 4398 possim,
