2910 5002
244 428 308 494 276
513 427 682 489 PRECES
709 425 1026 490 QUOTIDIANAE.

244 600 307 661 Por
329 596 470 678 singulos
494 595 560 658 dies
584 595 772 659 benedicam
794 594 877 672 libi,

288 733 321 788 et
341 724 480 787 laudabo
502 745 622 787 nomen
644 725 750 786 [lirum
771 723 808 785 in
830 723 994 800 saeculum,

374 860 407 916 et
428 854 463 915 in
488 853 639 916 saeculum
662 851 788 928 saeculi3
838 851 925 913 Vera.
948 854 980 914 2.

246 979 311 1043 Qui
332 978 450 1041 vocasti
472 998 510 1040 ea
532 997 602 1059 quae
624 998 691 1039 non
713 984 814 1054 erant,

286 1112 440 1186 tanquam
463 1125 501 1167 ea
524 1125 595 1186 quae
616 1111 718 1166 erant.
763 1104 852 1166 Rom.
875 1104 917 1166 iv.
943 1105 993 1169 17.

244 1231 275 1292 A
297 1250 360 1312 quo
382 1229 511 1293 oondita
533 1236 609 1291 sunt
630 1229 778 1292 universa
798 1229 834 1291 in
856 1229 944 1294 ooelis
966 1237 999 1293 et
1021 1237 1117 1308 terra,

286 1356 423 1419 visibilia
444 1364 477 1418 et
499 1355 679 1433 invisibilia,
727 1357 792 1419 Col.
815 1357 837 1419 i.
862 1356 914 1419 16.
976 1431 980 1438 ι

243 1484 308 1549 Qui
329 1490 437 1566 portas
459 1484 567 1547 omnia
588 1483 685 1547 verbo
707 1484 836 1548 virtutis
857 1485 943 1561 aaa„
988 1485 1068 1549 Heb.
1089 1486 1111 1548 i.
1134 1487 1165 1549 3.

243 1609 309 1674 Qui
330 1630 396 1672 non
426 1610 495 1673 sine
516 1609 703 1673 testimonio
725 1610 877 1693 'Peipsum
905 1609 1297 1694 relinquis,.benefasiens

285 1737 325 1800 de
351 1736 441 1814 ooelo,
468 1735 549 1799 dans
574 1735 697 1818 pluvias
727 1744 760 1800 et
789 1743 937 1821 tempora
965 1737 1129 1820 frugifera,
1158 1738 1297 1822 implens

284 1864 355 1928 cibo
376 1872 410 1928 et
430 1865 543 1928 laetitia
564 1864 660 1928 corda
681 1872 801 1942 nostra,
846 1865 921 1928 Act.
944 1865 1006 1928 uir.
1031 1867 1084 1929 17.

242 1991 337 2056 Quod
359 1991 559 2054 ordinatione
579 1992 650 2054 Tua
671 1991 781 2055 omnia
802 1998 1008 2075 perseverant
1028 1990 1191 2074 usquead
1211 1991 1297 2055 diem

284 2116 381 2193 hune,
412 2115 562 2197 quoniam
584 2116 693 2179 omnia
714 2116 788 2181 Tibi
810 2117 963 2195 serviunt,
1009 2117 1099 2180 Paul.
1123 2116 1202 2180 cxix.
1226 2120 1279 2182 91.

244 2243 309 2310 Qui
334 2242 511 2326 praehabita
533 2243 762 2307 deliberatione
785 2246 859 2327 Ipse
882 2245 1026 2309 formasti
1047 2244 1197 2309 manibus
1218 2244 1297 2308 Tuis

283 2372 447 2434 hominem
478 2371 517 2435 de
547 2372 624 2436 limo
652 2379 756 2451 terrae,
787 2381 820 2436 et
848 2373 1013 2456 inspirasti
1042 2372 1078 2436 in
1106 2393 1199 2436 nares
1228 2374 1298 2455 ejus

282 2498 474 2580 spiraculum
497 2499 580 2576 vitae,
628 2500 704 2562 Gen.
728 2499 760 2563 ii.
786 2503 815 2563 7.

247 2627 292 2688 Et
312 2625 453 2707 imagine
475 2626 545 2689 Tua
566 2625 731 2689 honorasti
754 2649 838 2705 eum,
885 2627 960 2692 Gen.
984 2627 1005 2691 i.
1028 2628 1081 2691 26.

240 2752 285 2814 Et
307 2751 441 2834 Angelis
463 2752 541 2814 'luis
562 2752 725 2815 mandasti
748 2753 788 2816 de
809 2753 875 2833 illo,
921 2754 1010 2817 Paul.
1033 2753 1094 2816 xci.
1119 2753 1171 2816 11.

239 2879 283 2940 Et
292 2877 489 2940 constituisti
498 2899 572 2941 eum
584 2899 679 2960 super
690 2900 785 2961 opera
793 2901 948 2943 manuum
960 2880 1112 2957 Tuam,
1129 2880 1184 2941 Pa.
1194 2879 1296 2943 viiio.

240 3005 284 3066 Et
305 3005 441 3087 posuisti
463 3027 537 3069 eum
559 3006 595 3068 in
616 3006 767 3068 Paradiso
789 3006 971 3089 voluptatis,
1019 3006 1096 3069 Gen.
1118 3004 1152 3066 ii.
1177 3007 1229 3068 15.

239 3133 284 3194 Et
306 3131 458 3195 mandata
479 3133 549 3195 Tua
570 3139 775 3215 spernentem
797 3153 863 3195 non
885 3132 1034 3214 sprevisti
1054 3137 1174 3207 tamen,

242 3257 306 3322 Sed
316 3258 468 3341 aperuisti
476 3259 523 3321 illi
531 3259 648 3323 ostium
658 3259 697 3322 ad
707 3259 931 3342 poenitentiam
941 3266 975 3322 et
983 3258 1092 3337 vitam,
1107 3258 1181 3320 Act.
1191 3257 1233 3321 xi.
1246 3258 1296 3319 18.

240 3385 331 3447 Dans
353 3385 402 3447 illi
423 3386 598 3448 maximum
620 3393 652 3448 et
678 3386 853 3468 pretiosum
875 3386 1077 3470 promissum,
1101 3384 1141 3448 de
1163 3382 1296 3447 salutari

284 3510 426 3574 semine:
471 3512 577 3574 2Pet.
599 3511 620 3573 i.
636 3515 667 3574 4.
717 3513 791 3575 Gen.
811 3512 856 3575 iii.
874 3514 925 3577 15.

240 3638 305 3703 Qui
327 3636 474 3716 erudiisti
496 3659 597 3720 genus
619 3647 777 3716 nostrum,

283 3769 344 3831 Per
365 3768 446 3830 illud
468 3769 551 3851 quod
573 3779 686 3832 notum
709 3776 759 3831 est
781 3769 853 3845 Dei,
904 3767 1006 3850 [Rom.
1029 3765 1051 3828 i.
1076 3765 1142 3849 19.]

283 3895 346 3957 Per
368 3916 448 3977 opus
471 3896 550 3977 legis
574 3895 728 3978 scriptum
751 3896 787 3958 in
808 3894 970 3971 cordibus,
1020 3894 1124 3976 [Rom.
1147 3892 1181 3956 ii.
1207 3891 1274 3975 1⁶.]

283 4022 346 4084 Per
368 4021 491 4083 cultum
516 4021 762 4100 Sacrificiorum,

283 4149 345 4210 Per
367 4147 495 4210 oracula
517 4147 760 4230 Prophetarum,

282 4275 344 4336 Per
366 4272 538 4336 melodiam
561 4274 770 4344 Psalmorum,
