2910 5002
468 430 636 496 PRECES
661 427 978 495 QUOTIDIANAE.

279 596 442 682 recipiam,
464 618 570 681 neque
592 617 682 681 spem
726 599 747 660 2
772 597 843 660 Cor.
865 595 908 660 vi.
932 597 963 660 1.

413 726 695 789 Sacramentorum
718 724 836 806 Ipsina.

198 851 310 931 Credo,
334 851 420 936 quod
443 853 517 936 Ipse
540 850 680 937 Spiritus
706 851 848 935 posbrlat
877 871 935 934 pro
963 850 1057 915 nobis

282 979 456 1063 gemitibus
477 978 767 1044 inenarrabilibus:
811 981 899 1044 Rom.
922 978 988 1043 viii.
1010 979 1064 1043 26.

197 1106 430 1173 Postsssatioms
452 1106 560 1189 Ipsius
582 1113 616 1169 et
637 1105 773 1170 istorum

285 1235 464 1321 gemituum
481 1234 747 1299 'inenarrabilium

327 1360 379 1427 fac
400 1382 453 1425 me
475 1360 673 1444 participem,
697 1361 847 1425 Domine.

200 1488 243 1554 ln
263 1497 297 1553 te
319 1495 528 1573 speraverunt
550 1494 658 1572 patres
679 1488 790 1566 nostri,

288 1617 514 1700 speraverunt,
538 1623 571 1680 et
592 1616 737 1680 liberasti
758 1636 823 1680 eos.

200 1739 254 1805 Ad
274 1747 309 1806 te
330 1742 561 1821 clamaverunt,
584 1749 618 1805 et
640 1741 719 1805 salvi
740 1740 817 1806 faeti
838 1746 924 1819 sunt,

286 1865 322 1931 in
343 1872 378 1931 te
400 1874 616 1951 speraverunt,
641 1874 675 1931 et

418 2016 485 2058 non
506 2002 583 2059 sunt
605 1994 740 2059 confusi.
786 1996 875 2058 Psal.
898 1995 974 2058 xxii.
998 1999 1029 2073 4,
1053 1998 1085 2057 5.

204 2122 252 2186 Ut
273 2120 308 2185 in
330 2120 442 2204 priscis
463 2120 586 2185 saeculis
607 2127 713 2204 patres
736 2127 873 2199 nostros,

288 2249 335 2313 ita
357 2256 391 2313 et
412 2270 471 2314 nos
492 2246 604 2326 libera,
628 2249 780 2327 Domine,

378 2374 433 2457 qni
455 2372 545 2438 inte
568 2395 740 2457 speramus.

494 2629 653 2693 cennsnn
676 2631 756 2708 Rex,

206 2753 333 2819 Fideles
355 2775 447 2837 reges
469 2761 596 2821 nostros
618 2756 781 2834 confirma,

293 2881 407 2946 Fidem
431 2882 549 2962 stabili,

295 3010 420 3074 Gentes
442 3010 567 3094 mitiga,

296 3139 419 3203 Orbem
440 3159 531 3222 paca,

211 3270 345 3332 Sacrum
368 3267 549 3349 Collegium
571 3268 633 3331 hoc

295 3396 393 3480 probe
416 3418 579 3461 conserva.

255 3526 299 3588 Et
321 3546 381 3589 noa
403 3524 439 3588 in
462 3525 641 3589 orthodoxa
663 3526 737 3604 lide,

342 3658 375 3715 et
396 3652 587 3736 poenitentia
607 3653 723 3736 recipe,

256 3780 368 3843 Bonus
390 3780 472 3842 sicut
495 3801 530 3843 oa
553 3787 587 3842 et
608 3779 778 3843 hominum
799 3800 921 3842 amans

215 4034 320 4116 Rogat
342 4054 395 4097 me
416 4033 562 4116 potentia
584 4033 699 4113 Patris,

258 4159 428 4223 Illuminet
449 4159 606 4244 sapientia
628 4159 711 4238 Filii,

303 4287 451 4351 Vivificct
474 4288 574 4351 virtus
599 4288 737 4370 Spiritus
762 4288 883 4352 Sancti.

1190 429 1253 493 179
