2910 5002
455 445 623 509 PREOES
649 444 965 510 QUOTIDIANAE.
1178 447 1240 508 159

525 584 735 680 charismata
752 617 902 700 Spiritus.

374 742 556 825 Sapientiae,

190 814 303 875 Sermo
325 765 359 939 ί
422 870 428 882 ,
491 871 497 882 ,

377 871 537 947 Sc1entrae‚

244 967 250 982 ι
371 997 484 1061 Gratia
504 996 689 1073 sanitatum,

191 1067 294 1138 sires,
325 1019 359 1194 {

371 1125 524 1208 Operatio
546 1124 713 1188 virtutum.

275 1251 459 1337 Prophetis,

276 1378 438 1443 Discretio
463 1377 653 1461 Spiritnum.

193 1507 321 1569 Genera

193 1627 421 1712 Interpretatio
438 1524 472 1698 i
491 1570 703 1654 Linguam·
752 1571 866 1634 low·
890 1571 945 1635 xii·
969 1575 999 1650 8,
1023 1576 1054 1650 9>
1080 1578 1130 1639 ¹0·
1236 1636 1239 1645 .

641 1883 794 1948 CREDO

195 2011 281 2079 Quia
301 2032 355 2075 me
379 2011 512 2075 creasti:

279 2141 369 2223 Opus
391 2160 547 2203 mannum
570 2146 701 2202 tuarum

365 2287 408 2330 ne
429 2264 602 2348 despicias!
650 2266 751 2348 [Psol.
775 2267 920 2330 cxxxviii.
943 2267 989 2350 8.]

197 2391 280 2460 Quia
302 2392 343 2456 ad
364 2392 538 2474 imaginem
560 2398 661 2470 tuam,
685 2399 718 2455 et
741 2391 1002 2458 similitudinem:
1036 2395 1126 2479 [Gen.
1143 2397 1165 2458 i.
1182 2395 1248 2479 26]

282 2518 527 2582 similitudinem
549 2525 641 2582 tuam

369 2665 410 2708 ne
434 2645 519 2708 sinas
542 2644 666 2708 deteri!

199 2772 283 2840 Quia
303 2771 459 2854 sanguine
481 2778 539 2835 tuo
560 2793 613 2836 me
635 2772 819 2837 redemisti:
868 2775 953 2858 [Rev.
976 2798 1006 2839 v.
1027 2775 1073 2858 9.]

284 2901 429 2964 Pretium
453 2899 698 2985 Redemptionis

369 3049 412 3102 nc
434 3027 520 3091 sinas
541 3028 656 3111 perire.

199 3153 284 3220 Quia
305 3152 345 3216 de
367 3153 498 3216 nomine
520 3161 578 3221 tuo
600 3153 821 3218 Christianum
844 3155 1032 3238 appellasti:

286 3279 513 3344 characterem
536 3287 630 3343 tuum

371 3425 414 3468 ne
436 3406 642 3469 contemnas!

203 3533 287 3598 Quia
308 3554 361 3596 mc
381 3533 417 3596 in
439 3535 682 3616 regeneratione
705 3535 929 3599 sanctificasti:
977 3534 1052 3618 [rat.
1077 3534 1120 3597 iii.
1145 3533 1189 3615 5.]

290 3660 511 3725 Sanctitatem‘
526 3670 615 3726 tuam

374 3809 416 3850 ne
438 3788 574 3870 perdas!

204 3914 290 3979 Quia
311 3936 364 3978 me
385 3916 546 3979 inseruisti
568 3916 603 3978 in
625 3915 743 3979 bonam
766 3913 891 3991 olivam,
918 3913 1017 3996 [Roas.
1040 3913 1081 3975 xi.
1107 3911 1171 3993 17.]

335 4041 522 4105 Membrum
545 4041 686 4124 corporis
708 4039 854 4123 mystici:
905 4039 1002 4121 [Epa.
1025 4060 1054 4101 v.
1079 4037 1146 4119 30.]

292 4167 480 4231 Membrum
503 4167 643 4249 corporis
664 4166 714 4229 tui
736 4165 862 4249 mystici

380 4316 421 4358 ne
444 4294 656 4377 praescindas!
