2910 5002
214 422 277 486 138
496 425 635 492 ETXAI
659 426 996 499 ΚΑΘΗΜΕΡΙΝΑΙ.

212 585 299 654 Οίδα
319 586 371 655 ὄτι
392 590 447 657 ἐπὶ
468 594 529 674 γῆς
550 591 770 676 ἀναστήσεται
791 597 829 664 τὸ
850 592 951 687 δέρμα
970 626 1044 683 μου,

429 717 467 783 τὸ
488 715 663 785 ἀναυτλαῦν
683 724 794 789 ταῦτα.

212 841 366 909 Πιστεύω
388 847 445 911 τοῦ
468 843 545 912 ἰδεῖν
566 846 608 912 τά
629 846 737 930 ἀηαθά
759 851 885 939 Κυρίου

430 971 464 1037 ἐν
483 975 525 1057 γῇ
548 971 677 1052 ζώντων.

212 1095 270 1161 Ἐν
292 1097 403 1185 Κυρίῳ
423 1099 678 1187 εὐφρανθήσεται
698 1101 719 1184 ή
742 1103 858 1192 καρδία
878 1105 976 1189 ήμῶν,

254 1221 310 1288 καί
332 1224 366 1290 ἐν
386 1225 432 1310 τςῦ
453 1223 586 1308 ὀνόματι
608 1231 654 1315 τῷ
674 1227 759 1316 ἀιγίήι
775 1222 873 1297 αύτοῦ
894 1230 1093 1316 ήλπίσαμεν.

486 1381 543 1444 τοῦ
564 1378 703 1466 Πατρὸς,

211 1564 262 1626 Τ,
285 1562 338 1629 M
383 1591 416 1631 π
485 1511 541 1573 τοῦ
564 1507 720 1596 Σωτῆρος,
743 1510 902 1584 Μεσίτου,

239 1590 264 1649 ῳ
336 1591 384 1647 μα
484 1637 760 1723 ’Τπερεντευκτοῦ
783 1640 966 1724 Λυτρωτοῦ,

484 1766 541 1829 τοῦ
563 1762 784 1851 Παρακλήτου
805 1762 922 1839 διττοῦ,

252 1903 315 1971 ὑπὸ
336 1911 401 1978 τοῖς
424 1907 535 1977 τύποις
556 1911 613 1975 τοῦ
634 1906 743 1991 ἀμνοῦ,
766 1911 822 1991 τῆς
843 1913 1045 1998 περιστερᾶς.

209 2029 346 2108 Γὲνοιτο,
371 2034 482 2122 Κύριε,
505 2035 543 2101 τῦ
564 2033 654 2106 ἔλεός
676 2060 737 2101 σου
759 2032 809 2121 ἐφ’
831 2033 925 2119 ἡμᾶς,

251 2161 401 2250 καθάπερ
422 2163 611 2247 ἠλπίσαμεν
632 2161 689 2229 ἐπὶ
710 2162 762 2232 Σέ.

251 2414 323 2482 'EN
345 2391 451 2507 εἰρήνη
472 2420 528 2482 τοῦ
551 2415 672 2504 Κυρίου
693 2414 861 2499 δεηθῶμεν,

204 2539 309 2632 ’Τπὲρ
331 2547 387 2627 τῆς
407 2543 529 2612 ἀνωθεν
551 2541 683 2631 εἰρήνης,

251 2672 305 2738 καὶ
325 2673 382 2755 τής
403 2670 564 2760 σωτηρίας
585 2672 648 2736 τῶν
668 2671 791 2756 ψυχῶν
810 2667 908 2751 ἡμῶν·

205 2796 310 2886 Ὑπὲρ
331 2801 388 2880 τῆς
409 2797 530 2884 εἰρήνης
552 2798 607 2860 τοῦ
630 2784 817 2877 σύμπαντος
838 2793 972 2875 κόσμου,

252 2927 308 3005 τῆς
329 2923 516 2993 εὐπαθείας
537 2923 602 2988 τῶν
622 2920 723 3003 ἀηίων
744 2923 800 2984 τοῦ
822 2921 905 2983 Θεοῦ
928 2920 1117 2998 ἐκκλησιῶν,

380 3051 435 3118 καί
456 3053 513 3133 τῆς
533 3053 597 3116 τῶν
617 3047 747 3114 πάντων
768 3046 916 3115 ἓνῶσεως

198 3172 309 3264 ’Τπὲρ
330 3180 386 3243 τοῦ
408 3177 502 3263 ἀγίου
523 3177 612 3242 οἴκου
633 3174 759 3254 τούτου,

252 3305 307 3370 καὶ
328 3310 391 3372 τῶν
403 3305 488 3389 μετὰ
507 3306 647 3374 πίστεως
669 3303 723 3368 καί
744 3301 916 3380 εύλιιβεύις
935 3298 1098 3367 εἰσιόντων
1120 3302 1154 3367 ἐν
1168 3300 1262 3389 αύτῷ·

205 3432 308 3520 ’Τπὲρ
330 3437 393 3500 τῶν
415 3435 449 3500 ἐν
470 3432 573 3516 ἀιγίοις
594 3430 750 3519 Πατέρων
770 3429 869 3514 ἡμῶν,

253 3562 310 3626 τοῦ
331 3562 437 3643 τιμίου
458 3558 707 3653 πρεσβυτερίου,

339 3691 396 3760 τῦς
418 3691 452 3756 ἐν
473 3691 610 3778 Χριστῷ
631 3687 810 3761 Διακονίας,

425 3815 544 3886 παντός
565 3842 602 3883 τε
625 3813 759 3902 Κλήρου
781 3813 836 3880 καὶ
857 3815 954 3877 Λοοῦ·

205 3938 309 4026 Ὑπὲρ
330 3943 386 4023 τῆς
407 3936 502 4024 ἀνίας
521 3945 619 4024 μονῆς
641 3939 769 4020 ταύτης,
792 3939 901 4019 πάσης
923 3965 959 4004 τε

252 4065 379 4138 πόλεως
400 4067 454 4134 καί
474 4068 589 4156 χώρας,
613 4068 668 4135 καί
689 4069 752 4133 τῶν
774 4066 807 4133 ἒν
828 4065 940 4132 πίστει

427 4193 596 4260 οἰκούντων
617 4195 651 4289 ἐν
671 4190 789 4263 αύταίς·

210 4319 313 4409 Ὑπὲρ
335 4318 506 4408 εύκρασίας
527 4318 637 4410 ἀέρων,
661 4319 808 4406 εύφορίας
830 4324 961 4407 καρπῶν
982 4323 1037 4403 τῆς
1058 4323 1127 4403 γῆς,
