2910 5002
477 441 647 511 Psecas
672 387 993 513 QUOTIDIllNAE.

198 613 423 680 Misericordia
443 621 502 678 tua
522 615 559 678 in
582 614 714 681 Christo

283 743 319 807 in
342 742 490 824 salutem,

198 872 305 937 Verax
327 877 422 936 tuum
444 870 578 936 verbum

284 1000 322 1064 in
341 999 566 1078 eruditionem,

201 1126 315 1192 Gratia
335 1125 452 1192 vivifici
473 1124 525 1189 tui
548 1124 688 1209 Spiritus

327 1254 364 1318 in
385 1252 647 1332 consolationem,

286 1383 327 1449 ad
348 1384 448 1447 finem
470 1402 574 1465 nsque
596 1386 630 1446 et
651 1380 687 1444 in
709 1381 784 1446 fine.

201 1512 321 1579 Anima
676 1507 842 1572 sanctifica

202 1639 325 1722 Corpus

205 1765 343 1850 Sanguis

201 1897 296 1981 Aqua
320 1892 326 1901 ’
469 1893 592 1959 Christi
957 1915 1019 1958 me.

203 2022 300 2088 Livor
632 2002 641 2027 ⁸

204 2150 310 2217 Sudor
677 2151 832 2236 refrigera

203 2279 332 2345 Vulnus
486 2310 493 2319 „
679 2278 839 2346 abseonde

522 2407 590 2473 Pax
612 2407 676 2472 Dei

290 2555 361 2618 quse
381 2542 550 2618 exsuperat
572 2555 703 2600 omnem
725 2554 866 2612 sensum,

376 2661 536 2728 erratodiot
557 2683 612 2727 oor
633 2683 743 2727 meum

464 2795 498 2853 et
519 2788 771 2874 intelligentiam

377 2916 413 2981 in
435 2916 620 2999 oognitione
642 2924 676 2982 et
698 2914 872 2982 dilectione

463 3044 535 3110 Dei.
581 3048 666 3112 Phil.
689 3046 731 3113 iv.
755 3049 786 3112 7.

207 3300 272 3368 Qui
293 3307 533 3386 transgressum
554 3303 801 3386 praeceptionem
822 3309 913 3367 tuam
935 3301 1109 3383 hominem,

422 3435 455 3495 et
476 3429 613 3513 lapsum,

205 3555 283 3620 Non
305 3553 488 3640 despexisti,
511 3577 617 3640 neque
640 3555 852 3641 dereliquisti,
875 3559 905 3622 O
928 3559 1029 3633 Bone,

292 3682 358 3747 Sed
378 3682 516 3749 visitasti
537 3683 761 3758 multifariam,

421 3819 533 3895 utpote
556 3813 627 3896 pius
648 3821 750 3897 pater,

206 3937 393 4003 Concedeus
414 3938 476 4023 ipsi
497 3961 650 4022 magnam
672 3947 763 4003 tuam
785 3947 819 4003 et

292 4065 465 4150 pretiosam
485 4067 730 4149 promissionem
780 4065 815 4150 [2
838 4066 908 4131 Pet.
931 4065 954 4131 i.
976 4064 1024 4149 4.]

379 4196 419 4261 de
440 4196 564 4262 vivifico
586 4197 719 4272 semine,
747 4196 838 4280 [Gen.
861 4195 905 4258 iii.
930 4195 996 4280 lu]

206 4321 329 4406 Aperto
350 4323 413 4408 ipsi
434 4325 516 4388 ostio
538 4323 622 4403 fidei,
673 4324 761 4407 [Act.
784 4324 846 4388 xiv.
870 4323 936 4407 27.]

1198 440 1261 509 163
