2910 5002
465 461 635 526 PRECES
662 457 979 526 QUOTIDIANAE.
1184 458 1246 520 231

198 648 256 711 Sin
278 648 395 725 minus,
422 647 499 727 (non
522 646 608 708 enim
631 644 758 727 dignus,
781 665 941 707 nonaum
964 640 1092 724 dignus)

284 775 416 852 Saltem,
438 772 579 855 benigne
603 772 754 849 Domine,

199 903 249 965 Sit
271 923 402 966 somnus
425 921 525 979 meua,
548 907 585 963 ut
606 899 725 964 laboris

284 1031 330 1095 eie
351 1029 474 1113 peceati
496 1028 641 1092 cessatio.

457 1154 574 1232 Etiam,
598 1174 618 1218 o
640 1154 791 1218 Domine.

199 1283 271 1346 Neo
294 1282 371 1366 quid
393 1282 533 1364 cogitem
555 1301 613 1364 per
635 1280 769 1358 somnia,

372 1409 459 1493 quod
480 1415 513 1472 te
535 1408 687 1487 offendat,

294 1556 355 1600 neo
376 1536 463 1620 quod
484 1557 537 1600 me
558 1535 692 1618 polluat.

201 1661 320 1725 Lumbi
341 1662 405 1725 mei
427 1682 469 1725 ne
491 1661 682 1745 oppleantur
703 1659 916 1739 illusionibus,
940 1660 1027 1724 Paol.
1051 1657 1176 1722 xxxviii.
1202 1662 1231 1723 7.

288 1789 352 1853 Sed
375 1788 525 1852 erudiant
546 1809 599 1852 me
621 1788 662 1852 de
684 1796 780 1852 noete
801 1807 895 1851 renea
917 1786 991 1865 mei,
1029 1785 1116 1849 Paal.
1139 1785 1202 1849 xvi.
1223 1787 1254 1848 8.

374 1916 498 1979 Verum
512 1915 641 1999 absque
664 1914 754 1999 gravi
776 1920 909 1979 terrore.

203 2041 338 2106 Custodi
359 2064 412 2106 me
434 2065 453 2107 a
475 2043 647 2127 caliginoso

288 2169 418 2233 Peooati
440 2191 565 2249 somno,

205 2294 408 2378 Omnemque
429 2302 604 2374 terrenum,
627 2304 660 2359 et
681 2316 815 2379 pravum
838 2315 968 2359 aeneum

334 2422 369 2484 in
390 2443 443 2486 me
465 2423 581 2506 sopito.
705 2445 709 2463 ³

205 2547 353 2612 Concede
375 2549 456 2612 mihi
477 2570 626 2613 somnum
648 2510 786 2628 facilem,

292 2676 443 2758 omnique
464 2676 694 2760 imaginatione

336 2802 466 2865 Carnaii
488 2811 521 2866 et
545 2804 695 2868 Satanioa

378 2928 527 2992 liberum.

138 3031 140 3033 Ι
207 3053 389 3119 Invisibilea
411 3056 476 3120 mei
497 3056 608 3120 hostes
631 3077 728 3140 quam
750 3057 815 3121 sint
836 3057 1009 3136 momnea,

378 3182 476 3265 probe
497 3183 593 3263 nosti,
616 3183 765 3262 Domine,

216 3308 409 3390 Miseraeque
431 3330 512 3373 meae
533 3310 638 3374 oannis
659 3311 892 3390 infirmitatem,
940 3309 1037 3394 [Ptol.
1060 3310 1124 3375 eiii.
1148 3311 1214 3403 lla]

381 3433 436 3516 qui
457 3455 510 3498 me
531 3434 685 3499 formasti.
1055 3422 1062 3431 ’

210 3559 362 3642 Protegat
383 3581 436 3624 me
457 3561 508 3624 ala

382 3686 606 3751 miaerieordioe
627 3696 702 3754 tnae.
749 3689 846 3774 [Paul.
869 3691 944 3755 xvii.
968 3690 999 3756 8.
1022 3693 1082 3756 xoi.
1105 3692 1150 3776 4.]

210 3813 453 3897 Expergefaeiaa
475 3836 527 3879 me
549 3816 584 3878 in
605 3824 749 3900 tempore
770 3825 959 3902 opportuno,

382 3941 418 4003 in
438 3947 582 4025 tempore
604 3943 765 4022 orationis,
809 3946 898 4009 Prol.
920 3945 1016 4010 mii.
1040 3950 1069 4010 7.

211 4067 255 4129 Et
277 4066 318 4130 da
340 4066 381 4130 ad
402 4075 436 4131 te
460 4068 500 4132 de
521 4069 593 4132 luce
614 4069 756 4152 vigilare,
800 4070 886 4135 Paul.
909 4071 985 4136 lxiii.
1012 4076 1041 4137 l.

341 4195 381 4258 ad
403 4202 437 4259 te
459 4196 712 4278 glorificandum,

385 4331 418 4386 et
440 4322 618 4388 colendum.
