2910 5002
436 453 607 529 PREcns
632 456 951 533 QUOTIDIANAE,
1156 466 1223 527 323

166 625 268 688 Nunc
290 630 322 687 et
345 644 412 688 non
434 623 554 701 stetim,

252 752 294 816 In
315 772 445 835 corpore
466 751 588 830 mortis,
634 753 723 822 Rons,
746 754 785 816 vi.
810 755 840 817 6.

337 879 380 942 ln
401 878 522 943 mundo
544 879 765 963 corruptionis,
810 883 831 944 2
853 881 924 949 Pet.
949 881 969 948 i.
992 888 1023 953 4,

423 1007 460 1069 in
481 1006 625 1091 maligno
646 1007 761 1091 posito,
809 1008 825 1070 1
849 1008 900 1074 Jo.
924 1033 953 1076 v.
979 1011 1031 1076 19.

468 1136 598 1201 Memor
619 1143 689 1201 esto
710 1136 817 1221 hujus.
864 1140 951 1203 Psol.
976 1139 1069 1204 lxxiv.
1097 1141 1145 1203 18.

490 1399 699 1448 Psccnvonon
721 1401 899 1451 conl-“molo

627 1522 759 1587 Pcecsvi

168 1649 260 1727 Vere,
283 1647 433 1726 Domine,
464 1653 497 1711 et
526 1669 586 1731 ego
615 1668 654 1711 cx
682 1648 745 1711 illis
775 1670 856 1727 snm,
887 1669 963 1712 nam
993 1653 1026 1712 et
1054 1648 1121 1718 vita
1149 1668 1221 1712 mes

208 1775 414 1840 menifestum
436 1795 489 1839 me
510 1775 598 1841 facit.

164 1905 236 1970 Tibi
265 1906 430 1986 confiteor,
455 1905 538 1989 quin,
562 1906 590 1969 si
619 1905 691 1971 volo
721 1904 924 1986 abscondere,
946 1926 1014 1971 non
1043 1927 1221 1991 pessume

207 2034 262 2113 Te,
285 2035 435 2100 Domine.

166 2162 248 2229 Quis
269 2170 378 2248 potest
398 2163 503 2228 facere
525 2161 684 2227 mundum
706 2161 746 2226 de
768 2162 938 2229 immundo
960 2164 1106 2229 semine?
1149 2164 1217 2228 Job.

206 2289 268 2354 xiv.
291 2294 322 2354 4.

474 2439 513 2481 ex
535 2416 703 2481 immundo
726 2416 856 2481 semine.

165 2487 318 2551 Peccator
340 2507 411 2550 sum
429 2440 462 2616 {

475 2566 513 2610 ex
535 2545 703 2610 immundo
725 2553 827 2610 utero.

164 2672 207 2736 In
227 2672 367 2758 pcccatis
389 2671 536 2756 concepit
557 2694 610 2737 me
632 2681 747 2752 mater,
792 2674 878 2740 Psnl.
903 2675 935 2738 li
960 2677 990 2737 5.

252 2799 356 2864 Radix
379 2799 612 2881 amaritudinis,
660 2800 749 2885 [Heb.
773 2801 827 2864 xii.
853 2801 918 2886 15.]

336 2927 477 2993 Oleastri
499 2929 652 2993 surculus.
700 2929 802 3015 [Rom.
826 2929 867 2993 xi.
894 2928 959 3015 12]

187 3059 216 3121 1.
241 3056 384 3137 Peccavi,
400 3056 522 3141 injuste
536 3057 598 3141 egi,
613 3057 723 3142 inique
737 3057 799 3122 feci
813 3078 921 3122 coram
937 3058 991 3122 Τι’.
1009 3059 1098 3120 Psal.
1112 3056 1169 3122 cvi
1186 3060 1215 3121 6.

185 3190 215 3251 2.
240 3185 346 3270 Impie
367 3207 419 3250 me
441 3185 524 3270 gessi
545 3185 581 3250 in
602 3185 732 3265 foedere,
779 3187 796 3249 1
820 3187 896 3270 Κεφ
920 3186 983 3250 viii.
1008 3188 1059 3257 47.

185 3318 217 3380 3.
241 3313 368 3399 Projeci
389 3278 521 3398 legem,
552 3312 595 3377 Is.
619 3336 647 3378 v.
671 3317 723 3379 24.

185 3444 214 3504 4
241 3441 351 3526 Rejeci
373 3441 585 3526 disciplinam,
630 3443 724 3506 Proo.
747 3464 797 3506 xv.
821 3445 873 3508 32.

185 3573 215 3634 5.
239 3570 393 3655 Oppressi
416 3569 583 3654 Spiritum,
628 3569 673 3634 Is.
700 3569 777 3633 lxiii.
804 3570 854 3634 10.

185 3700 215 3763 6.
239 3700 317 3765 Post
339 3698 550 3781 cogitationes
572 3697 625 3777 ivi,
669 3696 735 3760 Jer.
759 3695 843 3760 xviii.
870 3695 920 3760 12.

187 3831 216 3894 7.
240 3829 292 3892 De
312 3826 399 3892 molo
420 3826 455 3889 in
476 3825 599 3889 malum
621 3823 764 3900 transivi,
811 3823 912 3907 [Psol.
936 3821 1010 3885 lxix.
1035 3819 1101 3903 22]

185 3956 214 4020 8.
238 3955 311 4019 Nec
333 3955 379 4019 'Pe
400 3952 511 4025 metui,
559 3949 614 4036 [Is.
638 3950 702 4015 lvii.
728 3947 795 4033 11.]

184 4087 215 4148 9.
239 4083 312 4149 Nec
333 4104 406 4147 sum
428 4102 584 4160 reversus,
628 4080 704 4144 Luc.
728 4100 781 4155 xv,
805 4077 883 4162 [23]

165 4214 215 4280 10.
239 4213 293 4278 Ne
314 4219 482 4277 revocatus
505 4210 645 4295 quidem,
689 4207 756 4277 Jer.
780 4207 831 4271 vii.
857 4206 907 4269 13.

165 4343 213 4408 11.
238 4343 311 4409 Nec
331 4341 383 4407 vel
404 4340 552 4420 afflictus,
596 4337 664 4404 Jer.
690 4359 718 4400 v.
742 4337 775 4399 3.
821 4335 915 4399 Prov.
939 4331 1026 4396 xxiii.
1049 4333 1100 4394 35.
