2910 5002
439 467 610 531 PRECES
634 463 953 532 QUOTIDIANAE.
1161 468 1226 531 307

304 635 515 700 Sacrosancto
537 639 713 722 Baptismo,

301 761 510 844 Apparitione
531 765 568 830 in
588 788 626 832 eo
648 770 827 850 Trinitatis,
875 763 1200 856 [Matt.iii.16,17.]

303 888 444 972 Jejunio,
492 893 601 977 [Mau.
625 895 665 961 iv.
694 898 736 984 1.]

302 1018 504 1100 Tentatione,
552 1023 655 1107 [Vera.
680 1027 727 1110 2.]

303 1145 466 1227 Egestate,
496 1157 534 1212 ut
563 1171 629 1217 uon
659 1154 793 1221 haberet
822 1156 878 1220 ubi
907 1161 1004 1241 caput
1032 1151 1213 1228 reclinaret,

392 1275 498 1360 [Mart.
522 1279 587 1346 viii.
609 1282 676 1367 20.]

305 1402 402 1467 Fame
423 1414 456 1470 et
479 1407 543 1488 siti,
591 1411 652 1496 [Jo.
676 1413 716 1477 iv.
741 1414 786 1499 7.]

303 1533 424 1616 Algore
446 1543 480 1599 et
502 1547 594 1615 testu

304 1660 505 1745 Fatigatione
528 1665 647 1746 crebra,
661 1667 739 1733 dum
758 1669 968 1754 pertransiret
984 1664 1225 1740 benefaciendo,

392 1791 477 1876 [Act.
501 1813 530 1855 x.
553 1793 620 1878 28]

304 1919 432 2003 Vigiliis

305 2047 486 2130 Pervigiliis

172 2172 250 2238 Miti
272 2173 522 2255 conversatione,

170 1337 233 1400 Pro

500 1939 534 2114 }
552 1990 587 2054 in
609 1991 763 2057 oratione
812 1993 899 2078 [Lac.
923 1991 964 2056 vi.
989 1989 1057 2073 la]

344 2302 380 2365 in
403 2303 656 2370 contradictione
678 2327 698 2370 a
719 2304 949 2391 peccatoribus,
992 2301 1072 2368 Hel.
1096 2299 1148 2364 xii.
1172 2301 1203 2362 3.

173 2430 256 2495 Cum
278 2428 526 2514 precipitandus
548 2440 631 2496 esset

346 2559 386 2623 ob
409 2559 530 2624 bonum
553 2583 745 2640 sermonem,
789 2563 865 2625 Lac.
891 2561 932 2624 iv.
956 2561 1009 2626 29.

217 2687 301 2750 Cum
322 2685 515 2769 lapidandus

347 2815 389 2879 ob
410 2816 532 2881 bonum
555 2839 645 2903 opus.
690 2820 739 2884 Jo.
765 2818 829 2883 viii.
854 2818 906 2895 59,
930 2819 964 2880 et
984 2835 1014 2878 x.
1038 2811 1090 2877 31.
1117 2810 1196 2896 [33.]

173 2940 270 3007 Quod
291 2944 493 3009 contumeliis
514 2946 598 3010 affici
619 2946 756 3028 voluisti,

110 3042 113 3049 Ι
348 3072 579 3152 Samaritanus,
621 3073 682 3159 [Jo.
706 3075 769 3139 viii.
792 3073 860 3158 48.]

348 3200 479 3278 Helluo,
521 3200 631 3284 [Mart.
658 3201 698 3265 xi.
726 3200 790 3285 19.]
1046 3269 1053 3283 ,

346 3328 581 3406 daemoniacus,
629 3327 691 3411 [uo.
714 3329 766 3392 vo.
790 3329 858 3414 ao]
950 3290 1066 3348 ’Μ’

348 3455 477 3534 Planus,
525 3453 842 3543 [detruncas]

260 3580 417 3646 Barabbae
436 3583 595 3666 postponi.
643 3582 705 3668 [Jo.
729 3584 813 3648 uviii⁴
837 3584 904 3669 40.]

306 3707 532 3787 (lonciom'bus,
777 3709 938 3788 Homiliis,

307 3833 489 3918 Colloquiis,
776 3833 946 3914 Diatribis,

306 3963 607 4043 Intercessionibus,
774 3962 936 4028 Precibus.

173 4092 238 4157 Pro
305 4093 479 4177 Exemplis,

308 4220 427 4304 Signis,

307 4348 484 4434 Mysteriis‚

233 4486 237 4493 '
307 4476 468 4542 clavibus.
