2910 5002
430 452 599 525 PRECES
624 452 944 520 QUOTIDIANAE.
1153 453 1219 519 349

162 625 206 688 111
228 623 304 707 quid
328 621 444 686 addam
467 622 573 685 adhuc

162 804 164 808 .
203 791 205 794 ⁴
258 751 465 834 ’utloquar
485 749 528 813 ad
551 750 623 814 Te?

163 879 214 945 uu
246 877 333 957 onim
369 879 456 958 nosti
490 899 618 963 seryum
654 878 770 955 Tuum,
803 876 954 956 Domine,
988 865 1128 942 Dbmins
1163 877 1220 941 mi.

293 1009 314 1070 2
339 1004 425 1068 Sum.
448 1005 501 1068 vii.
524 1007 576 1069 20.

166 1134 247 1211 Quis
267 1153 327 1218 ego
349 1154 432 1208 sum,
448 1132 598 1212 Domine,
615 1152 723 1197 servus
744 1133 843 1210 Tuus,
864 1137 898 1197 et
919 1152 989 1216 quaa
1006 1131 1121 1197 domus
1138 1138 1220 1210 mea,

216 1263 369 1346 quoniam
383 1261 552 1345 respexisti
567 1281 662 1345 super
679 1281 792 1325 sanem
805 1265 974 1326 mortuum
991 1259 1130 1325 similem
1145 1259 1220 1337 mei,

167 1452 172 1458 .
252 1392 272 1454 2
297 1392 382 1454 Sana.
406 1390 449 1454 ix.
474 1393 503 1455 8

168 1520 332 1598 Quoniam
355 1519 459 1594 adhue
481 1538 584 1614 usque
606 1517 751 1587 dilexisti
767 1510 846 1586 me?
880 1517 960 1600 ,[Ιο.
983 1517 1051 1582 xiii.
1070 1517 1118 1601 1.]

168 1610 256 1714 Quid
278 1646 455 1712 retribuam
478 1644 619 1709 Domino
640 1665 699 1726 pro
720 1645 870 1709 omnibus
891 1665 963 1728 quae
980 1644 1096 1708 tribuit
1117 1644 1221 1709 mihi?

211 1778 299 1839 Paul.
323 1775 402 1840 axvi.
429 1775 479 1838 12.

169 1904 276 1970 Quam
299 1901 475 1986 gratiarum
498 1899 658 1965 actionem
683 1918 853 1981 possumus
882 1898 953 1963 Deo
981 1897 1160 1962 retribuere
1188 1899 1225 1963 in

211 2029 301 2092 omni
315 2026 433 2111 gaudio
448 2046 521 2109 quo
528 2024 705 2108 gaudemus
720 2043 828 2088 coram
839 2023 916 2088 Eoi
944 2024 974 2109 [l
996 2022 1161 2089 11111111.
1177 2020 1223 2108 9.]

42 2240 45 2249 Δ
171 2158 237 2224 Qui
259 2157 410 2240 dignatus
432 2175 466 2218 es
488 2175 552 2232 me,
574 2153 725 2229 Domine,
749 2158 861 2216 sancta
883 2152 944 2217 hae
966 2152 1032 2232 die,

213 2292 246 2348 11
268 2285 349 2347 hora
369 2283 559 2364 1111111111
582 2281 723 2346 animam
745 2301 862 2358 meam,
885 2281 1011 2345 111111-

257 2408 333 2471 dare
355 2407 411 2485 Te,
434 2413 467 2470 et
490 2405 604 2470 offerre
627 2404 769 2469 debitam
791 2405 865 2470 'ribi
887 2407 1033 2490 gloriam,

171 2538 255 2622 Ipse,
279 2535 429 2615 Domine,
452 2535 493 2599 ab
516 2535 625 2599 anima
645 2554 719 2599 mea
740 2535 866 2619 suscipe
888 2536 1054 2620 spirituale

213 2663 508 2756 hoo'saoriiioium·:
538 2662 681 2746 illudque
703 2663 861 2747 recipiens
883 2661 1048 2728 1111111

300 2792 466 2878 spirituaie
487 2792 593 2860 Tuum
615 2791 738 2870 Altero,
763 2790 905 2874 digneris
926 2792 1029 2856 sioem
1138 2834 1140 2839 .

345 2919 415 3001 ejus
436 2918 566 2982 mittere
585 2919 622 2980 in
643 2939 696 2982 me
710 2917 850 3001 gratiam
872 2919 930 2982 SS.
955 2918 1094 3002 Spiritus
1115 2921 1187 2987 uui.

171 3045 279 3111 Visite
300 3068 353 3109 me
374 3046 410 3110 in
431 3047 578 3111 bonitate
600 3047 679 3124 Tua,
884 3015 887 3020 ²

265 3175 403 3257 Ignosce
439 3174 522 3236 mihi
541 3181 727 3257 *peceatum
763 3196 868 3256 omne,
905 3172 975 3240 tam
1011 3178 1229 3244 voluntarium

347 3323 445 3384 quam
467 3302 729 3384 inpoluntarium.

216 3430 336 3495 Libera
363 3449 416 3492 me
446 3428 487 3492 ab
516 3430 644 3492 aeternis
675 3429 849 3513 suppliciis,
883 3431 982 3496 etiam
1015 3440 1048 3498 et
1081 3424 1230 3501 omnibus

260 3558 357 3642 hujus
378 3556 493 3621 mundi
515 3557 674 3625 anamais.

175 3687 369 3751 Transmuta
390 3684 601 3767 cogitationes
623 3705 712 3750 meas
733 3685 770 3748 11
791 3685 954 3770 pietatem,

263 3813 436 3877 Sanctifioa
458 3813 614 3896 spiritum,
639 3813 784 3880 animum
806 3819 841 3878 et
862 3812 977 3899 eorpus
1000 3837 1120 3897 meum,

176 3947 220 4010 Et
243 3944 284 4008 da
305 3943 387 4007 mihi
408 3944 541 4008 adorare
563 3951 596 4007 et
618 3944 747 4028 plaeere-
766 3945 838 4010 'libi

263 4073 298 4134 in
320 4070 440 4155 pietate
461 4077 495 4135 et
517 4072 688 4136 sanctitate
710 4073 785 4136 vitae

392 4220 493 4283 usque
516 4200 556 4264 ad
577 4207 758 4266 extremum
780 4201 855 4267 vitae
876 4201 1063 4268 terminum.
