2910 5002
430 446 600 511 PRECES
626 445 942 512 QUOTIDIANAE.
1147 448 1211 511 367

163 613 308 677 Habebit
330 633 419 696 spem
441 611 477 674 in
497 612 680 675 novissimo.
732 611 811 697 [Jer.
835 610 921 674 xxxi.
945 611 1011 694 17.]

159 740 263 803 Vallis
287 740 397 804 Achor
419 746 511 823 porta
533 740 610 824 spei.
658 739 747 823 [Hos.
770 739 804 803 ii.
828 738 895 822 le]

164 869 244 949 Spes
265 888 333 931 non
356 866 535 932 confundit.
580 868 645 950 Spe
674 867 752 931 salvi
780 867 859 930 facti
889 852 1008 929 sumus.
1057 866 1158 949 [Rom.
1183 888 1210 929 v.

246 997 265 1056 5
276 1019 285 1070 ;
308 994 371 1058 viii.
396 993 462 1077 24]

158 1122 319 1186 Dominus
341 1123 408 1206 spei
429 1123 551 1207 repleat
572 1143 642 1186 nos.
690 1121 792 1206 [Rom.
816 1142 868 1184 xv.
891 1120 972 1202 13.].

161 1251 197 1312 Si
220 1249 372 1315 oeciden't
393 1271 455 1329 me,
480 1250 622 1333 sperabo.
670 1248 751 1334 [Job.
774 1248 841 1312 xiii.
866 1247 934 1331 15.]

161 1377 226 1442 Qui
248 1377 350 1441 salvos
372 1376 450 1440 facis
472 1382 636 1461 sperantes
658 1376 693 1439 in
715 1376 769 1439 Te.
818 1374 919 1459 [Psal.
940 1374 1014 1438 xvii.
1038 1373 1081 1457 7.]

159 1504 202 1566 In
224 1503 355 1567 nomine
376 1504 446 1566 Tuo
468 1524 558 1569 sacro
581 1503 786 1587 speravimus.
834 1501 933 1587 [Peal.
956 1501 999 1565 ix.
1025 1499 1089 1582 10.]

159 1631 200 1693 In
216 1630 360 1713 tegmine
375 1631 508 1709 alarum,
524 1631 560 1693 in
574 1631 698 1709 umbra,
715 1631 775 1696 sub
789 1630 915 1714 pennis,
964 1629 1066 1711 [Ροοὶ.
1081 1627 1145 1690 lvii.
1164 1626 1207 1709 1.]

289 1757 348 1836 Tu,
371 1756 522 1836 Domine,
546 1778 617 1841 spes
639 1777 737 1834 mea„
769 1756 869 1839 [Psal.
893 1755 967 1817 lxxi.
992 1754 1036 1836 5.]

247 1885 328 1966 Spes
351 1905 423 1947 mea
444 1884 480 1946 in
502 1885 557 1962 Te,
605 1884 705 1968 [Ροοὶ.
729 1882 833 1946 xxxix.
859 1880 903 1965 7.]

248 2012 329 2094 Spes
351 2011 497 2075 omnium
519 2012 633 2074 finium
655 2020 759 2075 terrae.
806 2009 910 2095 [Psal.
934 2009 995 2072 lxv.
1020 2009 1064 2091 5.]

377 2140 478 2222 Spera
498 2139 534 2202 in
555 2140 636 2204 Deo.
684 2139 787 2222 [Psal.
810 2138 877 2201 xlii.
903 2136 967 2220 11.]

160 2264 297 2343 Vellem,
321 2265 348 2327 si
370 2266 452 2349 plus.
780 2265 906 2342 Metuo,
930 2284 984 2327 ne.

162 2390 273 2469 Doleo,
296 2391 382 2474 quod
405 2412 481 2455 non.
781 2389 975 2468 Gauderem,
999 2387 1035 2452 si.

607 2727 767 2794 Πιστεύω.

161 2898 309 2961 ΔΑΒΙΔ.
355 2885 418 2960 Τοῦ
451 2893 526 2960 ἰδεῖν
557 2895 599 2962 τὰ
632 2895 742 2979 &paee
780 2898 903 2982 Κυριου
936 2895 970 2961 ἐν
1001 2921 1044 2979 ‘m
1082 2892 1214 2973 ζώντων.

248 3028 335 3090 Psal.
359 3025 451 3089 xxvii.
479 3026 529 3090 13.

159 3149 359 3218 ΠΑΤΛΟΤ.
395 3151 477 3217 Ὅτι
499 3151 642 3239 Χριστὸς
662 3149 787 3232 Ἰησοῦς
816 3149 915 3234 ἦλθεν
944 3175 989 3221 εις
1017 3148 1073 3215 τὸν
1093 3147 1216 3231 κόσμον

248 3275 455 3366 ἁμαρτωλοὺς
477 3281 594 3344 σῶσαι.
640 3282 657 3342 l
685 3280 761 3344 vim.
784 3279 806 3342 i.
831 3282 883 3343 15.

161 3401 390 3469 'lnANNO‘n
429 3403 510 3470 Ὅτι
534 3403 589 3470 ἐάν
618 3431 667 3475 τις
693 3403 832 3492 ἁμάρτῃ,
857 3401 1076 3489 Πορόκλητον
1098 3401 1216 3490 ἔχομεν

248 3531 329 3622 πρὸς
352 3530 406 3596 τὸν
429 3529 561 3618 Πατέρα
582 3530 709 3612 Ἰησοῦν
729 3529 874 3618 Χριστόν
896 3528 1028 3596 δίκαιον·
1102 3575 1104 3579 -

208 3659 274 3725 Καὶ
295 3657 388 3729 οὗτός
412 3657 550 3742 ἱλασμός
572 3659 646 3724 ε’στι
667 3657 743 3746 περὶ
769 3661 833 3725 τῶν
854 3656 1019 3746 ἁμαρτιῶν
1039 3655 1137 3740 ἡμῶν,
1161 3657 1216 3724 καὶ

249 3788 325 3874 περὶ
346 3784 424 3851 όλοιι
446 3789 502 3851 τοῦ
525 3785 657 3869 κόσμου.
703 3789 720 3850 l
744 3786 796 3851 J0.
818 3787 852 3850 ii.
878 3789 960 3866 1,2.

165 3916 352 3980 ΠΕΤΡΟΥ.
387 3915 471 3980 Ὅτι
499 3914 545 3983 Σι)
568 3912 634 3980 εἶὸ
665 3913 809 4002 Χριστός
830 3913 847 3979 ὁ
870 3910 945 3983 Τι’ός
963 3915 1019 3979 τοῦ
1048 3913 1131 3977 Θεοῦ
1160 3914 1216 3977 τοῦ

251 4045 371 4124 ζῶντος.
414 4046 515 4110 Matt.
538 4045 600 4109 xvi.
625 4045 678 4109 16.

166 4171 433 4237 ΝΑΘΑΝΑΗΛ.
470 4171 553 4236 Ὅτι
575 4171 620 4237 Σι)
643 4168 673 4236 εἲ
694 4170 711 4236 ὁ
733 4170 808 4243 Υἱός
829 4175 884 4236 τοῦ
907 4168 1033 4245 &aad
1056 4169 1217 4240 Βοσιλεῦς

252 4302 308 4364 τοῦ
329 4297 477 4386 Ἰσροήλι
523 4301 573 4364 J0.
596 4300 617 4363 i.
640 4302 693 4366 49.
1005 4308 1009 4313 ’
