2910 5002
439 446 609 511 Paucas
634 447 953 512 QUOTIDIANAE.
1158 454 1222 515 289

166 614 230 680 Qui
251 615 357 678 media
377 622 472 679 nocte
493 616 640 679 excitasti
662 615 766 679 David
790 616 984 700 Prophetam
996 619 1115 697 Tuum,
1131 620 1220 682 Paal.

250 743 330 806 cxix.
354 746 406 807 62.

163 877 196 930 et
219 870 354 933 Paulum
377 871 579 954 Apostolum,
601 879 640 934 ut
662 872 832 935 laudarent
856 873 911 950 Te,
956 872 1028 935 Act.
1053 873 1115 934 xvi.
1138 876 1191 936 25.

163 998 214 1060 Da
235 1006 268 1061 et
289 999 382 1063 nobis
404 1000 548 1064 ommino
570 1001 609 1064 de
631 1008 737 1076 nocte,
782 1000 852 1063 Job.
877 1022 969 1064 xxxv.
995 1000 1044 1064 10.

162 1124 205 1186 Et
227 1146 322 1207 super
344 1133 482 1191 stratum
504 1149 663 1192 memores
687 1148 758 1191 esse
781 1127 852 1205 Tui,
898 1128 986 1190 Paul.
1010 1127 1086 1191 lxiii.
1111 1130 1141 1192 6.

797 1256 841 1319 Et
864 1277 955 1319 serva
975 1277 1044 1320 nos.

161 1379 227 1444 Qui
249 1380 354 1443 media
375 1389 471 1446 nocte
493 1389 667 1446 venturum
694 1384 858 1465 Sponsum

246 1527 300 1569 ore
323 1508 392 1570 Tuo
414 1509 620 1585 confirmasti,

159 1633 219 1711 Da,
243 1641 280 1696 ut
302 1635 432 1698 auribus
455 1636 575 1698 nostris
597 1657 722 1718 semper
748 1636 870 1699 clamor
891 1636 1030 1711 intonet,

247 1764 390 1847 Sponsus
413 1765 508 1841 venit,
551 1765 649 1828 Matt.
674 1784 745 1826 xxv.
770 1766 799 1825 6.

159 1891 207 1953 Ut
228 1913 395 1975 nunquam
416 1891 567 1976 imparati
589 1891 691 1954 simus

330 2019 365 2080 in
387 2040 554 2082 occursum
577 2018 670 2101 Ejus,

791 2146 836 2208 Et
859 2164 950 2207 serva
972 2164 1039 2206 nos.
1097 2136 1100 2141 ’

158 2271 223 2336 Qui
247 2272 323 2354 galli
348 2280 446 2335 cantu
471 2273 667 2355 Apostolum
692 2272 800 2336 'Parnm
827 2270 1034 2348 admonuisti,

200 2399 292 2463 etad
313 2399 540 2482 poenitentiam
562 2399 678 2464 reverti
700 2398 815 2477 fecisti,
861 2399 961 2461 Mate.
984 2397 1065 2460 xxvi.
1091 2399 1142 2461 74.

157 2528 209 2590 Da
230 2533 263 2590 et
285 2526 389 2604 nobis,
412 2527 524 2590 eodem
547 2526 753 2604 admonente,
776 2525 863 2589 idem
885 2523 1000 2601 facere,

242 2675 285 2718 sc.
309 2655 394 2719 exire
416 2655 502 2718 foras
525 2662 558 2718 et
581 2676 688 2718 amare
710 2654 796 2754 llere,
849 2655 934 2718 Vere.
960 2653 1011 2716 75.

329 2784 365 2846 in
388 2782 503 2866 quibus
524 2784 725 2866 peccavimus
746 2781 829 2859 Tibi,

792 2910 836 2972 Et
859 2929 949 2972 serva
970 2927 1038 2972 noa.

158 3039 222 3103 Qui
253 3039 289 3100 in
320 3039 371 3103 die
394 3061 456 3121 qua
485 3060 552 3103 non
581 3059 752 3121 speramus,
776 3043 809 3100 et
839 3037 919 3099 hora
949 3056 1013 3118 qua
1041 3033 1213 3111 nescimus,

199 3170 371 3226 venturum
394 3163 440 3226 Te
462 3162 503 3225 ad
530 3163 688 3246 judicium
710 3159 895 3246 praedixisti,
941 3159 1041 3223 Mate.
1057 3159 1141 3223 xxiv.
1158 3161 1211 3222 50.

243 3293 321 3354 Lac.
349 3291 404 3355 aii.
424 3291 478 3354 46.

157 3419 221 3480 Fac
238 3439 297 3480 nos
314 3417 401 3481 omni
424 3417 476 3480 die
491 3417 643 3499 omnique
657 3417 737 3479 hora
750 3421 877 3498 paratos
892 3434 970 3489 esse,
986 3420 1024 3477 ut
1039 3411 1214 3476 adventum

243 3547 347 3609 Tuum
369 3545 601 3629 praestolemur,

790 3673 835 3736 Et
858 3692 950 3734 serra
970 3692 1038 3735 nos.

157 3802 221 3867 Qui
237 3801 358 3865 emittis
372 3802 488 3880 lucem,
505 3822 592 3865 creas
607 3821 764 3878 auroram,
808 3799 863 3862 Pa.
876 3797 954 3861 xliii
966 3799 996 3860 3.
1023 3796 1130 3880 [lxxiv.
1145 3795 1211 3880 16.]

242 3931 357 3995 exoriri
370 3931 449 3995 lacis
465 3931 565 3995 solem
582 3950 676 4013 super
689 3928 791 3992 bonos
805 3934 838 3991 et
853 3927 965 4005 malos,
996 3928 1096 3991 Mart.
1113 3947 1142 3990 v.
1158 3927 1211 3988 45.

156 4056 309 4120 lllumina
324 4058 502 4122 caecitatcm
517 4057 677 4121 mentium
692 4055 809 4119 notitia
821 4054 976 4132 veritatis,
1011 4053 1095 4134 Epis.
1107 4052 1150 4116 iv.
1161 4052 1212 4114 18.

155 4187 279 4250 Attolle
302 4208 398 4271 super
419 4209 479 4268 nos
500 4188 612 4252 lumen
632 4185 742 4249 vultus
764 4183 835 4257 tui,
881 4184 971 4248 Psal.
995 4182 1037 4245 iv.
1060 4182 1091 4244 6.

156 4314 261 4376 Utin
284 4314 408 4379 lumine
430 4317 501 4380 'luo
522 4315 687 4381 videamus
708 4314 826 4390 lucem,
871 4313 959 4376 Psat
983 4310 1087 4374 xxxvi.
1110 4313 1140 4372 9.

197 4458 259 4492 aar.
279 4459 374 4494 rascas
659 4459 678 4505 p
692 4459 711 4504 p
