2910 5002
427 452 595 516 rnnono
620 451 935 518 ouonmmnn.
1168 456 1211 520 nr

200 617 353 701 Cognovi,
377 618 527 697 Domine,
550 619 677 702 plagam
693 600 802 684 'cordis
823 621 898 700 mei,

157 743 211 823 Et,
235 745 325 808 ecoe!
350 752 518 809 convertor
540 746 581 810 od
602 754 636 810 te
657 747 692 810 in
713 748 861 811 universo
882 747 978 811 eorde
1000 768 1081 826 meo,

244 876 287 937 Et
311 875 346 937 in
368 875 447 939 totis
469 875 590 939 viribus
612 875 703 939 meis.

156 1002 200 1065 Et
222 1011 378 1081 nancta,
401 1004 551 1081 Domine,
574 1026 612 1069 ex
634 1003 820 1069 habitaculo
843 1012 910 1084 tuo,

200 1136 232 1192 et
254 1151 293 1193 ex
315 1131 393 1194 solio
415 1131 524 1213 gloriae
546 1133 652 1215 Regni
673 1134 722 1197 tui
744 1134 779 1198 in
802 1134 903 1210 Coelo,

243 1258 358 1321 exaudi
379 1259 560 1323 orationem

286 1402 319 1459 et
341 1417 449 1479 preces
472 1397 555 1459 nervi
576 1397 625 1459 tui
636 1421 645 1471 ;
686 1396 796 1479 1329.
813 1395 878 1461 viii.
906 1398 1078 1482 [47-50.]

243 1524 287 1586 Et
308 1524 518 1608 repropitiare
542 1545 631 1588 servo
654 1533 720 1602 tuo,
1124 1502 1127 1514 ¹

286 1658 319 1714 et
340 1652 481 1714 animum
503 1653 573 1735 ejus
596 1672 682 1713 suna.
732 1651 835 1734 [Ptol.
858 1651 911 1715 xli.
934 1651 980 1735 4.]

158 1776 246 1839 Deus
268 1777 424 1861 propitius
448 1784 517 1840 esto
538 1777 619 1840 mihi
640 1777 809 1860 peccatori,
853 1778 931 1842 Luc.
954 1779 1040 1842 xviii.
1065 1781 1116 1842 13.

201 1906 361 1989 Propitius
371 1906 499 1988 quidem
510 1913 579 1970 esto
588 1906 669 1969 mihi
678 1913 882 1990 peccatorum
894 1907 1006 1991 primo
1018 1910 1034 1971 1
1047 1904 1151 1970 dimi.
1160 1909 1211 1971 15.

158 2034 264 2111 Pater,
287 2033 419 2097 Peccuvi
440 2034 476 2095 in
498 2033 626 2111 coelum,
650 2041 683 2096 et
705 2034 740 2096 in
762 2041 813 2111 te3

197 2165 267 2246 jam
288 2184 356 2226 non
378 2183 449 2226 sum
471 2162 587 2245 dignun
610 2163 716 2227 vocari
738 2164 823 2227 filiun
845 2170 941 2229 tuus:

121 2373 127 2382 ¹
243 2291 293 2354 fae
308 2311 359 2353 me
375 2290 458 2353 sicut
472 2313 573 2354 unum
588 2290 629 2354 de
643 2292 848 2356 mercenariis
862 2292 938 2372 tuis,
960 2292 1035 2356 Luc.
1048 2313 1098 2357 xv.
1110 2294 1161 2355 18.
1178 2289 1261 2376 [19.]

289 2419 404 2481 Unum
426 2417 533 2496 facito,
557 2419 685 2483 etiamsi
707 2420 869 2499 ultimum,

330 2544 457 2609 etiamsi
479 2545 565 2608 inter
587 2567 698 2610 omnen
720 2545 901 2610 minimum.

157 2677 239 2742 Quae
260 2674 384 2736 utilitas
404 2673 441 2736 in
464 2673 621 2755 sangiune
642 2686 727 2750 mon,

243 2802 332 2865 Dum
355 2799 513 2864 descendo
534 2799 571 2862 in
593 2799 854 2883 corruptionem?

157 2928 316 3011 Nunquid
338 2925 545 2992 confitebitur
566 2925 627 2990 tibi
649 2927 779 3009 pulvis?

243 3066 299 3121 unt
321 3055 530 3121 annuntiabit
552 3054 721 3118 veritatem
744 3056 861 3118 tuom?

156 3184 253 3262 Audi,
277 3183 417 3248 Domine
427 3209 436 3260 ;
463 3190 497 3246 et
519 3182 671 3246 miserere
692 3181 777 3244 meir

200 3312 349 3391 Domine,
372 3312 430 3375 fias
452 3309 579 3394 adjutor
601 3331 701 3374 meus.

156 3443 316 3506 Converte
338 3440 503 3523 planctum
525 3458 634 3501 meum

200 3570 236 3631 in
259 3568 413 3652 gaudium
435 3566 528 3644 mihi,
573 3567 661 3628 Psol.
684 3586 757 3627 xxx.
787 3565 936 3649 [9-12.]

157 3695 429 3777 Imaginationem
750 3693 1017 3772 Sollicitudinem,

158 3824 320 3901 timorem,
747 3818 987 3898 Defensionom‚

160 3953 311 4028 Reatum,
333 3949 481 4032 cup-m,
729 3948 1020 4032 ·Indignati0nem,

157 4079 339 4156 Peccatum,
544 4106 547 4111 ·
601 4077 661 4163 [in]
747 4079 918 4157 Timorem,

158 4204 466 4287 transgressionem,
748 4208 961 4286 Desiderium,

160 4333 369 4415 Injnstitinm,
534 4296 540 4462 Ι
748 4336 1009 4414 AEmulationem,
1051 4339 1053 4343 ’

160 4461 450 4540 Abominationem,
523 4466 538 4550 j
715 4463 941 4550 [Vindictam.
967 4469 986 4529 2
1005 4465 1073 4526 Cor.
1087 4463 1139 4525 vii.
1158 4465 1208 4524 11.

203 4601 262 4638 uro.
280 4603 376 4639 eunoun
841 4609 862 4655 0
