2910 5002
253 458 318 527 302
523 460 693 525 Pondus
721 458 1038 526 QUO'PIDIANAE.

253 633 332 698 Non
354 631 529 696 secundum
551 638 682 713 peccata
703 636 815 694 nostro
835 629 914 694 fouit
934 629 1040 707 nobis,

296 781 402 844 nequo
432 759 608 824 seeundum
642 757 828 841 iniquitates
860 765 988 823 nostrus
1019 756 1171 822 retribuit
1204 756 1310 822 nobis.

341 885 593 950 Psol.oiii.10.

256 1016 403 1099 Suscepit
426 1015 466 1078 de
487 1018 587 1077 manu'
609 1013 742 1077 Domini
764 1012 904 1097 duplicia
926 1033 984 1096 pro

340 1141 490 1207 omnibus
511 1137 651 1224 puocatis
673 1140 749 1203 suis.
794 1139 840 1204 Is.
863 1140 907 1204 xl.
929 1142 960 1203 2.

255 1267 425 1335 Quomodo
446 1267 596 1330 misertus
617 1272 708 1350 pater
731 1266 880 1346 filiorum,
901 1266 1052 1330 misertus
1075 1272 1125 1329 est
1149 1265 1312 1330 Dominus
1339 1359 1341 1362 Α

344 1394 534 1459 timentibus
556 1395 651 1458 Eum.
696 1395 784 1482 Psoi.
809 1394 871 1459 eiii.
898 1397 947 1459 13.

680 1641 887 1723 Gompotiens.

259 1778 426 1843 Poenitens
447 1779 532 1842 mali.
579 1779 659 1843 Joel.
681 1777 713 1840 ii.
740 1778 792 1841 13.

660 2020 729 2082 Cito
753 2021 905 2086 desinens.

254 2156 333 2220 Non
354 2155 390 2218 in
411 2161 603 2239 perpetuum
624 2155 790 2235 irasoetur,

340 2305 444 2368 neque
466 2285 501 2347 in
523 2291 680 2348 oeternum
702 2285 959 2349 comminabitur.
1005 2286 1092 2350 Psol.
1116 2285 1178 2351 ciii.
1203 2286 1233 2350 9.

608 2531 734 2593 Pronus
757 2531 951 2594 adveniam.

255 2666 389 2732 Dimissi
399 2668 460 2732 tibi
475 2689 570 2732 omne
585 2667 740 2747 debitum
753 2668 829 2751 quis
843 2669 963 2752 rogasti
975 2669 1043 2734 Mo.
1069 2670 1150 2734 Mat.
1162 2670 1246 2734 xviii.
1258 2671 1312 2733 32.

629 2916 936 2978 Reconciliationem.

256 3049 478 3114 Reconcilians
500 3050 762 3130 mnndum'libi,
786 3070 851 3114 non
872 3060 1025 3135 reputans

341 3174 461 3239 delicto
481 3177 605 3240 mundi.
650 3178 672 3239 2
697 3177 767 3240 Gor.
791 3199 819 3241 v.
846 3177 897 3241 19.

645 3422 914 3502 Propitiutionem.

253 3552 327 3617 Cito
348 3553 487 3637 proferte
508 3555 624 3617 stolam
653 3555 799 3636 primam,
823 3562 856 3618 et
885 3555 1011 3620 induite
1041 3578 1117 3621 eum
1128 3581 1137 3633 ;
1170 3564 1203 3621 et
1234 3530 1331 3622 dato

339 3684 494 3747 annulum
517 3683 552 3746 in
575 3704 706 3746 manum
730 3686 817 3768 ejns3
841 3691 874 3748 et
896 3685 1046 3751 adducito
1067 3686 1206 3751 vitulum
1229 3687 1311 3770 sogi-

338 3818 462 3889 natum‚
486 3817 545 3875 etc.
592 3811 670 3874 Luc.
694 3832 743 3874 xv.
767 3814 820 3890 22,
847 3811 926 3895 [23.]

706 4051 864 4140 Χρηστός.

175 4212 180 4219 ·
250 4186 337 4255 Quin
358 4187 433 4271 Ipse
455 4186 615 4269 benignus
636 4196 687 4252 est
709 4210 805 4273 snper
826 4189 971 4273 ingratos

336 4323 369 4379 et
390 4314 501 4379 mulos
546 4313 622 4377 Luc.
646 4313 688 4378 vi.
712 4316 766 4379 25.
