2910 5002
471 427 638 491 PRECES
664 427 983 494 QUOTIDIANAE.
1212 437 1253 497 85

555 595 726 673 Cioestriae,

298 722 487 788 Dioeoeseon
554 724 724 807 Eleopolis,

555 853 651 935 hujus
672 853 849 936 praesentis,
872 875 915 918 eo.
939 854 1087 920 Winton.

287 976 383 1055 Cleri,
407 978 532 1062 Populi,
555 978 825 1062 opitulationum,
849 981 1142 1062 Gubernstionum‚

287 1105 471 1169 Decanotus
495 1106 610 1170 Sacelli
632 1107 736 1189 Regii,

172 1227 175 1232 ’
285 1229 554 1313 Dispensationis‚
576 1252 620 1295 sc.
644 1232 866 1317 Eleemosynae
889 1232 1008 1316 Regiae,

286 1355 501 1439 Collegiorum
523 1356 604 1419 mihi
625 1357 889 1431 concreditorum,
912 1365 950 1421 ut
973 1356 1151 1422 Visitetori.

199 1484 353 1548 Amicitia
374 1485 515 1563 moralis,

286 1612 350 1679 Qui
372 1613 453 1675 mihi
474 1612 557 1677 bene
579 1614 700 1688 volunt,

365 1732 483 1814 purtim
505 1732 603 1796 etiem
626 1732 740 1815 ignoti.

96 1897 101 1905 ·
198 1856 346 1923 Charitas
369 1858 562 1937 Christiana,

286 1987 352 2053 Qui
375 2007 428 2051 me
451 1987 591 2051 oderunt
615 1988 724 2071 gratis,

370 2115 421 2179 vel
443 2115 540 2179 etiem
562 2123 692 2199 propter
714 2116 891 2196 veritatem,

632 2263 689 2307 seu
707 2244 877 2328 justitiam.

199 2367 328 2432 Vicinio
348 2368 420 2446 loci,

286 2496 351 2563 Qui
373 2496 443 2560 sine
464 2518 549 2561 noxa
569 2497 620 2560 vel
643 2497 789 2561 molestia
806 2498 901 2580 juxto
922 2519 982 2563 nos
1004 2497 1160 2563 hubitant.

200 2626 397 2690 Promissum
418 2631 575 2704 nostrum,

284 2753 429 2820 Quorum
460 2753 659 2817 mentionem
689 2752 724 2814 in
753 2751 899 2834 precibus
928 2751 1009 2816 meis
1038 2751 1157 2816 hebere
1179 2773 1252 2836 pro·

369 2900 519 2944 miserim.

285 3007 437 3071 Officium
459 3014 620 3084 mutuum,

372 3134 447 3212 Qui,
479 3155 553 3198 eum
584 3133 648 3198 mei
680 3133 715 3196 in
747 3133 811 3196 suis
840 3133 1038 3198 orationibus
1066 3130 1252 3197 memoriam

456 3261 606 3340 habeant,
629 3259 720 3344 paria
741 3281 760 3323 n
780 3280 833 3324 me
855 3266 1035 3344 reposcunt.

286 3392 381 3458 Quod
403 3390 606 3474 negotiorum
630 3391 715 3454 mole
737 3388 894 3474 oppressis
916 3408 1006 3452 orare
1027 3409 1094 3451 non
1115 3393 1215 3451 vocet.

370 3517 435 3583 Qui
454 3517 552 3603 justis
574 3517 614 3581 de
637 3516 740 3581 causis
761 3515 997 3599 infrequentius
1018 3522 1121 3578 orant.

284 3635 348 3708 Pro
369 3644 419 3723 iis,
443 3644 559 3728 quibus
581 3643 691 3708 nullus
713 3641 843 3707 seorsim
865 3641 1055 3706 intercessor
1076 3641 1217 3725 suppetit

663 3793 721 3855 pro
744 3793 787 3835 se.

283 3899 347 3962 Pro
368 3898 417 3978 iis,
441 3898 496 3981 qui
517 3898 579 3962 hoo
600 3897 754 3980 temporis
775 3897 811 3960 in
834 3903 976 3960 extremo
996 3893 1186 3958 necessitate

326 4025 421 4108 positi
444 4032 531 4104 sunt,
547 4033 691 4089 autenm
714 4024 802 4108 gravi
817 4023 1001 4088 discrimine
1015 4023 1250 4088 conflictantur.

283 4153 346 4216 Pro
360 4153 409 4231 iis,
425 4152 541 4236 quibus
556 4152 681 4237 insigne
697 4151 825 4236 aliquod
839 4173 919 4237 opus
940 4174 1006 4237 proe
1028 4152 1177 4218 menibus
1192 4161 1250 4233 est,
