2910 5002
900 110 920 145 Ο

472 446 641 510 PRECES
666 445 982 511 QUOTIDIANAE.

198 621 398 696 castitatem,
421 626 455 682 et
476 617 733 700 temperantiam,
754 686 757 694 ,
875 565 926 635 κ’.

198 750 397 812 Contentam
420 752 574 822 mentem,
597 752 630 807 et
651 743 898 828 benignitatem,

197 870 388 947 Veritatem,
411 877 444 932 et
466 869 696 951 integritatem,

200 995 439 1078 Cogitationem
461 1002 592 1071 rectam,

199 1122 475 1186 Perseverantiam
498 1121 538 1184 ad
560 1121 667 1183 finem.
779 1176 786 1187 ,.

556 1373 707 1436 CREDO
730 1373 765 1435 in
788 1374 895 1438 Deum

990 1502 1072 1567 Coeli

150 1608 153 1615 ¹
201 1633 230 1692 1.
266 1629 404 1705 Patrem,
429 1628 704 1710 omnipotentem,
728 1629 913 1693 Creatorem
1021 1637 1054 1693 et

987 1759 1105 1823 Tema.

200 1888 231 1947 2.
256 1884 300 1947 Et
323 1884 359 1946 in
382 1885 494 1976 Jesum

276 2067 278 2070 .
376 2009 543 2074 Christum

374 2139 492 2201 Filium
515 2139 594 2221 Ejus
618 2139 845 2221 Unigenitum,

374 2266 551 2330 Dominum
574 2272 738 2342 nostrum;

247 2395 275 2455 l.
301 2393 501 2474 Conceptum
524 2412 562 2454 ex
588 2393 709 2475 Spiritu
736 2393 864 2469 Sancto,

247 2521 278 2582 2.
301 2520 427 2582 Natum
450 2539 489 2581 ex
511 2519 618 2581 Maria
640 2539 766 2601 semper
788 2518 934 2601 Virgine,

246 2649 278 2709 3.
301 2647 435 2709 Passum
457 2646 517 2710 sub
541 2647 658 2710 Pontio
680 2646 796 2723 Pilato,

246 2777 277 2834 4.
302 2771 507 2849 Crucifixum,

247 2903 277 2961 5.
302 2898 483 2976 Mortuum,

247 3026 278 3084 6.
304 3023 473 3105 Sepultum
484 3048 495 3099 ;

485 3147 516 3209 1.
540 3147 716 3210 Descendit
739 3147 779 3210 ad
803 3147 937 3225 Inferos,

485 3277 516 3337 2.
540 3276 728 3338 Resurrexit
751 3296 771 3338 a
792 3276 936 3352 mortuis,

396 3468 401 3479 ,
485 3407 516 3466 3.
540 3403 698 3467 Ascendit
720 3404 754 3465 in
777 3403 915 3481 Coelum,

486 3662 516 3720 5.
541 3657 623 3720 Inde
643 3655 806 3719 rediturus
829 3666 888 3733 est,

484 3535 515 3593 4.
542 3531 639 3594 Sedet
661 3531 702 3594 ad
725 3530 880 3602 dextram,

445 3549 515 3851 io.
540 3785 726 3849 Judicatum
748 3784 843 3860 vivos,
867 3790 900 3845 et
922 3790 1072 3846 mortuos.

204 3919 235 3980 3.
260 3916 304 3978 Et
326 3915 361 3977 in
386 3914 545 3997 Spiritum
569 3913 742 3984 Sanctum3

250 4047 280 4107 1.
304 4043 480 4107 Ecclesiam
505 4045 657 4105 Sanctam

249 4174 280 4233 2.
502 4168 709 4233 Catholicam.

249 4298 279 4359 3.
305 4296 575 4360 Communionem
600 4297 803 4370 Sanctorum,

1209 450 1251 511 7⁷
