2910 5002
207 384 211 392 ’
259 433 324 495 426
526 430 699 494 inicus
728 427 1044 494 ouoviomivm.

262 603 348 666 Ptol.
359 602 482 666 cxxxix.
495 603 544 665 13.
564 598 728 665 Confiteor
746 598 828 677 Tibi,
848 599 922 681 quia
940 596 1170 661 admirabiliter
1190 600 1321 659 creatus

521 748 604 806 sum,
627 726 788 790 mirabilia
808 747 905 809 opera
933 727 1012 804 buu,
1043 732 1076 790 et
1106 725 1215 788 anima
1243 741 1321 785 mea

523 854 688 939 cognoscit
709 853 816 916 nimis.

451 984 503 1049 14.
567 982 645 1045 Non
660 988 709 1045 cst
724 981 919 1044 occultatum
942 1001 978 1043 os
1000 1000 1109 1042 meum
1124 1000 1144 1041 a
1157 979 1213 1057 Te,
1230 975 1318 1060 quod

523 1110 626 1174 fecisti
662 1110 697 1171 in
730 1109 865 1186 occulto,
896 1117 929 1172 et
963 1107 1144 1172 substantia
1177 1127 1250 1170 mea
1280 1104 1318 1168 in

522 1235 725 1300 inferioribus
747 1243 914 1298 terrarum.

461 1365 514 1428 15.
574 1361 805 1445 Imperfectum
828 1381 937 1425 meum
967 1360 1115 1424 viderimt
1140 1358 1225 1423 oculi
1243 1357 1317 1436 uui,

525 1499 558 1555 et
576 1491 613 1554 in
627 1489 710 1554 libro
725 1490 794 1553 'luo
810 1489 928 1572 scripta
945 1496 1021 1553 sunt
1040 1488 1149 1553 omnia
1172 1486 1319 1550 membra

523 1639 604 1695 mea,
628 1638 702 1680 cum
724 1616 869 1680 nondum
892 1621 975 1707 esset
996 1615 1099 1679 ullum
1122 1613 1239 1677 exeis.

266 1743 334 1806 Job.
358 1766 388 1807 x.
412 1747 442 1808 8.
568 1745 689 1808 Manus
710 1745 788 1853 'lJuoe
809 1743 1047 1829 plasmaverunt
1077 1762 1129 1807 me
1153 1748 1259 1806 totum
1281 1739 1316 1803 in

523 1872 669 1937 circuitu.

389 2000 440 2063 10.
566 2001 656 2065 Sicut
678 2001 728 2065 lac
749 1999 888 2063 mulsisti
909 2021 971 2078 me,

570 2129 615 2192 Et
638 2127 721 2192 sicut
744 2148 871 2192 osseum
894 2148 947 2191 me
969 2125 1152 2211 coagulasti.

388 2259 440 2321 11.
570 2257 659 2321 Pelle
681 2265 714 2321 et
736 2255 886 2348 carnibus
907 2255 1032 2320 vestisti
1053 2274 1116 2330 me,
1139 2252 1265 2317 ossibus
1283 2258 1318 2316 et

524 2383 631 2448 nervis
652 2383 841 2468 compegisti
858 2403 932 2461 me3

391 2510 445 2576 12.
571 2510 683 2574 Vitem
717 2518 750 2574 ct
787 2509 1037 2574 misericordiam
1061 2507 1202 2572 tribuisti
1225 2507 1319 2586 mibi,

524 2645 557 2702 et
581 2637 718 2702 visitatio
742 2639 811 2702 Tne
829 2636 1000 2702 mistodivit
1018 2636 1164 2720 spiritum
1182 2655 1302 2698 meum.

265 2761 350 2827 Paul.
372 2764 435 2831 xvi.
457 2766 487 2831 7.
565 2766 760 2830 Benedicam
795 2765 947 2842 Domino,
987 2764 1043 2848 qui
1079 2762 1195 2829 tribuit
1235 2760 1318 2824 mihi

524 2893 733 2957 intellectum.

270 3016 346 3080 Gen.
362 3017 458 3084 xxxii.
472 3020 523 3083 10.
568 3018 718 3097 Domine,
757 3019 861 3102 imper
905 3039 977 3082 sum
1019 3016 1146 3081 cunctis
1187 3015 1319 3099 misera·

525 3145 668 3209 tionibus
683 3146 771 3222 Tuis,
793 3153 827 3209 et
841 3145 975 3209 veritate
991 3145 1069 3223 Tua,
1093 3165 1189 3226 quam
1211 3142 1318 3226 exple-

525 3275 599 3339 visti
617 3295 707 3341 servo
726 3275 805 3338 Τιιο.
851 3273 893 3336 In
914 3272 1029 3338 baculo
1047 3271 1181 3336 transivi
1203 3270 1319 3335 Jorda-

461 3422 464 3428 ’
525 3422 604 3465 num
635 3402 744 3480 istum,
770 3408 805 3465 at
832 3421 920 3465 nunc
951 3421 1027 3464 cum
1056 3398 1179 3464 duabus
1201 3397 1318 3463 tumis

524 3527 695 3610 regredior.

267 3656 355 3718 Paul.
377 3654 451 3719 lxvi.
474 3655 507 3720 8.
572 3654 769 3734 Benedicite,
805 3661 927 3738 gentes,
961 3653 1137 3719 Dominum
1159 3659 1317 3734 nostrum,

472 3787 503 3848 9.
527 3789 560 3846 et
590 3782 733 3846 auditam
763 3781 858 3845 facite
879 3800 991 3845 vocem
1019 3777 1124 3843 laudis
1145 3778 1235 3862 Ejus,
1260 3779 1318 3862 qui

525 3911 632 3994 posuit
666 3911 806 3974 animam
836 3929 942 3972 meam
972 3907 1012 3971 od
1041 3906 1151 3985 vitam,
1181 3915 1215 3970 et
1250 3926 1318 3971 non

525 4035 613 4100 dedit
636 4036 676 4099 ad
699 4035 946 4100 commotionem
967 4032 1065 4117 pedes
1087 4052 1185 4096 meos.

377 4159 448 4223 xcii.
472 4163 502 4229 t
566 4161 652 4226 Quia
681 4160 846 4225 delectasti
875 4180 937 4235 me,
960 4157 1111 4235 Domine,
1133 4157 1170 4220 in
1193 4156 1320 4221 factura

524 4285 603 4362 Tua,
640 4285 675 4349 in
711 4285 860 4369 operibus
894 4306 1049 4350 manuum
1084 4284 1226 4348 'lucrum
1263 4304 1319 4347 ex-

524 4409 658 4475 sultabo.
