2910 5002
434 454 603 518 PREOES
628 450 946 518 QUOTIDIANAE.
1153 451 1215 514 381

206 620 302 685 tionis
333 642 399 686 suae
429 621 590 686 internam
625 620 867 704 suavioremque
896 619 1076 685 doctrinam
1105 620 1219 685 dooere

205 716 377 832 dignetur3
406 770 478 833 quae
499 749 544 814 sio
565 769 752 832 proponam,
775 747 822 812 sio
851 768 1001 826 asseram,
1022 756 1060 812 ut
1089 747 1125 811 in
1147 768 1220 832 pro-

207 876 421 959 positionibus
443 884 477 942 et
499 876 728 947 assertionibus
749 876 840 956 meis,
863 875 993 940 veritati
1022 896 1148 960 semper
1169 875 1219 938 in·

207 1003 364 1068 haeream:
388 1002 428 1068 ab
443 1003 504 1068 hae
518 1003 677 1087 ipsissima
690 1002 824 1067 veritate
839 1001 976 1087 postulo,
992 999 1099 1066 dooeri
1116 1001 1220 1065 multo

207 1131 301 1215 plura
321 1153 392 1216 quae
413 1131 531 1210 nescia,
555 1153 574 1194 a
596 1152 660 1215 quo
681 1131 790 1214 accepi
811 1149 913 1214 panea
935 1151 1006 1214 quae
1028 1129 1102 1194 seio.

165 1260 274 1343 Ipsam
292 1281 372 1344 rogo
385 1267 423 1324 ut
444 1259 673 1344 (praevenieute
696 1280 733 1324 ae
755 1259 970 1342 subsequente
991 1256 1219 1341 misericordia)

210 1407 410 1471 quaecunque
438 1387 610 1452 salubriter
638 1387 769 1452 scienda
797 1386 915 1465 neseio,
939 1385 1052 1451 doceat
1082 1406 1134 1450 me
1145 1412 1155 1465 3
1185 1384 1221 1448 in

209 1515 268 1594 his,
292 1537 363 1600 quae
384 1538 459 1581 vera
479 1516 563 1596 novi,
584 1516 744 1581 custodiat
765 1536 835 1591 me3
858 1515 895 1579 in
916 1514 1041 1598 quibus,
1064 1519 1102 1578 ut
1123 1513 1221 1576 homo

209 1643 312 1720 fallor,
335 1644 473 1727 corrigat
495 1665 566 1722 me,
603 1643 779 1726 inquibus
807 1642 888 1708 veris
912 1642 1030 1721 titubo,
1053 1643 1222 1707 confirmet

209 1791 272 1848 me,
295 1776 328 1834 et
359 1792 378 1834 a
406 1769 494 1834 falsis
516 1777 550 1833 et
571 1768 675 1834 noxiis
704 1767 819 1854 eripiat
848 1788 911 1846 me,
934 1774 968 1832 et
996 1788 1035 1831 ea
1062 1766 1159 1831 faeiat
1180 1766 1222 1830 de

209 1918 263 1961 ore
296 1919 369 1962 meo
406 1896 587 1982 procedere,
619 1916 692 1980 quoe
727 1903 805 1960 sunt
840 1916 949 1960 coram
984 1894 1053 1978 ipsa
1087 1894 1221 1959 veritate

210 2025 428 2109 principaliter
449 2032 551 2109 grata,
574 2025 619 2089 sio
640 2024 721 2088 fiant
749 2023 899 2088 fidelibus
927 2022 1052 2087 eunctis
1081 2028 1220 2106 aooepta,

210 2176 266 2238 per
281 2157 395 2219 lesum
411 2155 588 2233 Christum,
604 2154 782 2219 Dominum
799 2174 836 2217 ac
852 2154 1054 2217 Servatorem
1063 2149 1231 2215 nostrum.'

231 2397 394 2486 Ἀφορμαὶ
415 2399 658 2463 Meditationum
680 2404 753 2462 ante
775 2398 890 2461 Preces
909 2394 1156 2459 Paenitentiam.

166 2502 243 2601 buo.
266 2559 296 2601 x.
320 2540 374 2601 41.
419 2537 589 2623 Μεριμνᾷς
611 2532 687 2620 περὶ
708 2531 831 2611 πολλὰ,
855 2530 922 2602 ἑνὸς
943 2529 977 2596 δέ
999 2530 1072 2596 ἐστι
1093 2526 1198 2618 χρεία.

166 2665 239 2728 Act.
262 2663 302 2727 vi.
326 2666 357 2727 4.
402 2660 516 2744 Ἡμεῖς
538 2659 572 2726 δὲ
594 2663 634 2746 τῇ
663 2663 834 2748 προσευχῇ
856 2658 911 2726 καὶ
932 2660 972 2743 τῇ
1000 2655 1146 2744 διακονία
1166 2662 1223 2722 τοῦ

252 2790 353 2873 λόγον
374 2788 711 2877 προσκαρτερήσομεν.

168 2922 245 2985 Iaso.
268 2919 331 2983 xxi.
354 2918 408 2981 36.
453 2914 661 3003 Ἀγρνπνεῖτε
690 2915 724 2981 ἐν
744 2915 843 2981 παντὶ
871 2916 983 3002 καιρῷ,
1005 2911 1149 2995 δεόμενοι
1172 2909 1223 2977 ἵνα

255 3044 472 3129 ranfredum
495 3044 644 3131 ἐκφυγεῖν
664 3042 707 3109 rd
727 3043 890 3127 μέλλοντα
911 3039 1068 3126 γίνεσθαι.

167 3179 291 3242 Ecetra
314 3174 379 3240 xiii.
406 3177 456 3239 la
502 3175 563 3239 Per
585 3195 715 3238 omnem
737 3173 837 3237 vitam
866 3178 958 3236 tuam
983 3169 1081 3253 dilige
1102 3169 1221 3247 Deum,

225 3376 233 3388 ,
254 3312 287 3369 et
307 3305 421 3368 invoca
441 3303 527 3366 Eum
549 3322 607 3386 pro
628 3300 730 3365 salute
751 3307 820 3365 tua.

167 3434 293 3497 Erclus.
316 3431 369 3496 vii.
394 3433 445 3495 17.
493 3428 641 3492 Humilia
657 3428 749 3493 valde
763 3427 913 3513 spiritum
933 3434 1047 3490 tuum:
1070 3423 1223 3509 quoniam

253 3557 396 3624 vindicta
417 3556 523 3622 earnis
544 3555 645 3640 impii,
659 3555 744 3639 ignis
766 3561 800 3619 et
821 3552 947 3619 vermis.

167 3689 217 3753 Jo.
240 3687 287 3751 iii.
309 3689 364 3752 27.
410 3682 461 3750 01}
482 3681 613 3749 δύναται
635 3681 804 3766 ἅνθρωπος
832 3679 1017 3763 λαμβάνειν
1045 3675 1144 3749 οὐδὲν,
1167 3675 1226 3741 ἐὰν
1275 3749 1277 3753 ‚

253 3813 297 3898 μὴ
320 3810 341 3898 ἦ
364 3806 539 3896 δεδομένον.

172 3945 320 4028 cyprian.
365 3942 402 4007 Si
423 3942 485 4007 Ille
514 3940 626 4005 orabat
656 3939 711 4023 qui
740 3939 808 4002 aine
837 3944 969 4023 peceato
998 3941 1077 4015 erat,
1100 3938 1227 4018 quanto

253 4069 357 4154 magis
378 4075 578 4154 peecatorem
600 4088 690 4132 orare
712 4072 848 4150 oportet.
939 4137 942 4141 ‚

169 4200 267 4266 Idem.
311 4201 402 4266 Deus
424 4206 531 4264 autem
553 4220 620 4264 non
642 4197 739 4275 vocis,
761 4195 819 4261 sed
840 4193 955 4272 oordis,
977 4192 1105 4258 auditor
1127 4198 1187 4256 est

169 4330 303 4411 Aupual.
348 4326 428 4392 Plus
450 4324 633 4410 gemitibus,
657 4346 753 4408 quam
776 4321 977 4389 sermonibus
1000 4319 1117 4404 agitur.
