2910 5002
204 451 249 512 36
485 447 622 511 ETXAI
648 445 982 510 ΚΑΘΗΜΕΡΙΝΑΙ.

251 617 317 683 Καὶ
339 617 389 687 τίς
411 616 451 682 ἁν
472 616 613 703 ὠφέλεια
635 617 669 681 ἐν
690 619 729 701 τῇ
752 614 1003 704 ἁττωλείῳμονς

248 745 485 834 Ἐπιχαροῦσιν
507 744 538 809 οἱ
558 743 670 832 ἐχθροί
691 770 759 808 σου.

335 873 360 940 ὦ
380 872 497 955 μήποτ’
521 873 714 960 ἐπιχοροῖσι,
739 870 847 958 Κύριε.

250 1001 309 1084 Μὴ
329 1001 466 1090 χάρισαι
488 1005 553 1069 τοῖς
575 999 702 1087 ἐχθροῖς
724 1026 785 1064 σον

292 1129 349 1212 τὴν
370 1127 536 1193 ἁποῖλειὰν
558 1154 629 1210 μον.

205 1258 417 1344 Ἐπίβλεψον
439 1257 494 1322 ἐπὶ
515 1255 693 1344 πρόσωπον
715 1260 770 1321 τοῦ
792 1257 938 1342 Χριστοῦ
960 1281 1029 1329 σον,

292 1387 360 1451 Καὶ
382 1387 415 1451 ἐν
437 1385 549 1467 αἵματι
571 1386 723 1468 διαθήκης
745 1411 816 1462 σου,

289 1513 348 1579 Ἐν
370 1513 499 1601 ῖλασμῷ
520 1514 596 1599 περὶ
618 1513 782 1600 ἁμαρτιῶν
803 1513 883 1577 ὅλον
904 1515 961 1579 τοῦ
984 1513 1114 1596 κόσμου,

207 1643 316 1730 Κύριε,
340 1642 496 1721 ἱλάσθητί
513 1667 569 1723 μοι
591 1634 644 1728 τῷ
658 1640 848 1729 ἁμαρτωλῷ,
959 1678 962 1683 ·

247 1770 421 1850 Ἱλὰσθητι
442 1769 480 1852 δή
501 1796 567 1851 μοι,
591 1770 699 1857 Κύριε,
722 1773 785 1836 τῶν
806 1767 1006 1856 ἁμαρτωλῶν

292 1897 428 1985 Προίτῳ,
451 1896 627 1984 πρωτίστῳ
648 1895 703 1961 καῖ
723 1896 877 1983 μεγίστῳ.

214 2030 331 2092 Ενεκεν
353 2029 408 2091 τοῦ
430 2024 582 2107 ὀνόματός
604 2051 664 2090 σον
686 2024 740 2090 καῖ
763 2023 918 2105 ἱλάσθητί

158 2137 162 2143 ’
191 2154 197 2168 ’
248 2155 295 2236 Τῇ
316 2151 459 2240 ἁμαρτίῳ
478 2177 549 2234 μου,
572 2152 683 2234 πολλὴ
705 2151 768 2240 ’γάρ
792 2154 873 2217 ἐστι·

336 2280 487 2360 Πλείστη
508 2278 571 2368 γάρ
594 2280 685 2346 ἐστιν
707 2280 778 2360 ὅση.

197 2406 331 2474 Ἕνεκεν
352 2411 408 2473 τοῦ
430 2405 583 2490 ὀνόματός
605 2435 666 2473 σον
688 2407 818 2486 ἐκείνου,

243 2532 333 2620 Παρ’
355 2533 372 2598 ὃ
394 2530 452 2598 οὐκ
473 2531 564 2600 ἔστιν
586 2534 692 2623 ἕτερόν
713 2561 745 2600 τι
768 2533 822 2600 ὑπ’
845 2532 977 2622 οὐρανὸν

292 2659 466 2744 Δεδομένον
488 2663 522 2727 ἐν
543 2662 738 2751 ἀνθρώποις,

204 2785 262 2851 Ἐν
284 2786 310 2874 ᾦ
331 2785 379 2850 δεῖ
400 2787 543 2868 σωθῆναι
564 2787 656 2869 ἡμὰς,
726 2826 729 2831 -

206 2912 589 2994 Σνναντιλαμβανομένου
611 2910 786 2977 αὐτοῦτοῦ
808 2913 997 2994 Πνεύματος

422 3039 499 3109 Ταῖς
521 3037 701 3109 ἀσθενείαις
721 3037 819 3121 ἡμῶν,

251 3166 317 3231 Καὶ
339 3165 668 3264 ἁπερεντνγχὰνοντος
689 3165 771 3255 ὑπὲρ
793 3166 883 3250 ἡμῶν

421 3299 610 3378 στεναγμοῖς
631 3293 871 3378 ἁνεκλαλήτοις.

250 3421 315 3486 Διὰ
337 3419 483 3509 Πατέρος
505 3422 686 3511 σπλάγχνα
707 3423 859 3511 τατρικὰ,

422 3549 499 3615 Tio&
521 3552 690 3636 τραύματα
712 3549 915 3633 αἱματόεντα,

423 3676 611 3761 Πνείματος
631 3678 829 3761 στεναγμοὺς
851 3676 1097 3760 θνειιλαλήτονς,

207 3801 422 3884 Εῖσάκονσον,
446 3804 555 3891 Κύριε,
579 3805 743 3886 ῖλάσθητι,
768 3805 877 3894 Κύριε,

250 3931 360 4033 Κύριε,
383 3932 535 4021 πρόσχες,
558 3935 704 4015 ποίησον,
728 3935 784 4001 καὶ
804 3933 848 4017 μὴ
872 3932 1025 4021 χρονίσῃς

459 4059 593 4126 Ἕνεκὲν
614 4089 683 4136 σον,

294 4183 402 4272 Κύριε,
428 4186 538 4273 Κύριε,
562 4187 683 4275 ἁΙΘεός
705 4217 777 4271 μου.

205 4307 268 4393 ,ΕΎ
