2910 5002
248 431 312 495 170
442 492 446 499 ,
527 435 669 498 ΕΤΧΑΙ
694 436 1033 503 ΚΑΘΗΜΕΡΙΝΑΙ.

249 598 317 665 Καὶ
338 599 396 667 οὐκ
416 598 488 666 ἔστι
510 603 625 684 στῆναι
648 601 782 668 ἐνώπιόν
804 630 874 678 σου,

335 725 392 792 ἐπὶ
412 727 535 794 τούτου.

241 980 414 1070 Ἥμαρτον
435 983 517 1071 ὑπὲρ
538 983 678 1072 α’ριθμόν
700 985 842 1070 ψάμμον
866 986 1048 1070 θαλάσσης,
1150 1014 1151 1019 ’

380 1110 564 1195 ἐπλήθνναν
585 1112 621 1178 αἱ
642 1112 774 1197 ἀνομίαι
795 1141 868 1196 μου,

294 1237 348 1304 καὶ
370 1238 427 1304 οὐκ
447 1239 536 1322 ἄξιός
557 1240 622 1322 εἰμι
645 1240 800 1316 ἀτενίσαι,
824 1241 879 1307 καὶ

338 1363 415 1430 ἰδεῖν
436 1369 473 1432 τὸ
495 1366 580 1453 ίιψος
602 1372 657 1434 τοῦ
682 1367 824 1457 οὐρανοῦ,

295 1491 360 1559 ἀπό
381 1498 438 1560 τοῦ
460 1494 606 1577 πλήθους
627 1498 690 1561 τῶν
712 1494 842 1562 ἀδικιῶν
862 1504 935 1580 μου,

339 1619 394 1686 καὶ
415 1618 473 1684 οὐκ
494 1619 568 1684 ἔστι
589 1645 645 1702 μοι
667 1618 786 1695 ἄνεσις,

384 1745 467 1812 διότι
488 1746 685 1835 παρώργισα
707 1747 763 1813 τόν
785 1747 887 1830 θυμόν
908 1775 977 1824 σου,

470 1873 525 1939 καί
546 1874 584 1939 τό
605 1876 747 1964 πονηρόν
769 1874 907 1942 ἐνώπιόν
927 1903 989 1942 σου
1011 1877 1161 1958 ἐποίησα,

339 2002 384 2086 μή
408 2004 548 2086 ποιήσας
570 2003 607 2068 τό
631 2003 767 2086 θέλημα,

425 2128 470 2212 μή
492 2128 641 2216 φυλάξας
662 2131 705 2197 τό
725 2130 966 2218 προστόιγματά
987 2158 1057 2196 σου.

255 2258 309 2324 καὶ
331 2261 386 2324 νῦν
407 2257 505 2323 κλίνω
527 2257 605 2340 γόνυ
627 2257 765 2346 καρδίας,
895 2261 900 2266 ’

340 2383 484 2467 δεόμενος
505 2387 562 2468 τής
584 2384 675 2473 παρὰ
697 2390 757 2452 σοῦ
779 2387 1009 2476 χρηστότητος.

427 2511 630 2600 Ἧμόριηκα,
654 2513 763 2601 Κύριε,
786 2514 969 2603 ἡμάρτηκα,

256 2639 310 2704 καὶ
332 2638 389 2709 τὰς
411 2639 544 2723 όνομίας
564 2667 627 2725 μου
650 2641 712 2723 ἐγὼ
732 2641 893 2725 γινώσκω,
930 2654 931 2657 ’

300 2767 373 2831 ἀλλ’
399 2767 549 2850 αἰτοῦμαι
572 2767 725 2849 δεόμενος,

388 2893 461 2963 ἄνες
481 2918 547 2974 μοι,
572 2892 681 2979 Κύριε,
704 2891 778 2960 ἄνες
798 2917 867 2974 μοι.

258 3020 327 3087 Καὶ
347 3021 392 3104 μή
415 3018 640 3103 σννινιτολέσης
660 3045 704 3101 με
725 3022 794 3089 ταῖς
816 3017 962 3103 ἀνομίαις
982 3046 1057 3102 μον,

343 3147 424 3231 μηδὲ
446 3148 490 3218 εἰς
512 3147 611 3214 αἰῶνα
632 3146 769 3230 μηνίσας

433 3275 574 3365 τηρήσῃς
595 3276 638 3342 τό
659 3276 745 3342 κακό
765 3303 830 3360 μοι·

345 3403 426 3487 μηδὲ
448 3402 671 3488 καταδικάσης
691 3430 742 3487 με,

390 3536 424 3600 ἐν
446 3538 511 3604 τοῖς
533 3533 731 3602 κατωτάτοις
753 3534 810 3613 τῆς
831 3536 899 3614 γῆς.

261 3663 354 3731 Διότι
377 3663 419 3731 σύ
440 3662 469 3729 εί
490 3661 581 3743 Θεὸς,
605 3661 686 3732 Θεὸς
706 3659 953 3743 μετανοούντων,

347 3793 402 3859 καὶ
424 3793 458 3858 ἐν
479 3791 550 3873 ἐμοὶ
571 3789 683 3872 δείξεις
712 3793 825 3855 πᾶσαν
854 3788 913 3871 τήν
942 3787 1153 3870 αἰγαθωσόνην
1175 3813 1245 3862 σου,

477 3917 528 3985 ’ότι
550 3918 682 4003 ἀνάξιον
704 3918 782 3984 ὄντα
803 3944 843 4002 με
867 3916 986 3985 σώσεις
1088 3938 1089 3942 ’

392 4047 477 4114 κατὰ
497 4047 535 4113 τὸ
555 4045 641 4114 πολι)
662 4045 752 4116 ἔλεός
773 4072 842 4121 σου,

567 4174 620 4239 καὶ
642 4172 760 4240 αἰνέσω
782 4198 822 4238 σε
843 4169 1027 4240 διαπαντός.
