2910 5002
255 442 321 505 288
528 443 697 508 Paucas
715 444 1039 511 'QUOTIDIANAE

386 637 460 679 cum
482 617 608 700 ingenti
631 616 758 699 gaudio,

301 743 521 807 “Invenimus
544 744 700 809 Messiam
712 746 734 777 ''
756 744 963 828 pronunciari
984 744 1124 823 voluisti,
1152 746 1204 810 Jo.
1223 746 1245 810 i.
1263 749 1321 809 41.

258 874 301 936 Et
322 894 382 937 nos
405 872 544 936 eundem
567 873 722 937 Messium
744 873 893 938 similiter
912 874 1067 953 invenire,

343 1003 387 1066 Et
408 1002 541 1066 invento
562 1002 710 1065 similiter
732 1002 870 1084 gaudere
891 1002 951 1080 fac,

888 1129 931 1191 Et
954 1150 1045 1192 serva
1066 1150 1136 1193 nos.

258 1255 323 1320 Qui
346 1260 468 1319 stantes
489 1263 560 1321 toto
582 1255 633 1319 die
655 1256 774 1320 otiosos
796 1256 947 1339 dignatus
970 1277 1005 1320 es
1027 1263 1141 1320 tamen

247 1406 251 1415 ·
299 1383 397 1447 etiam
419 1383 590 1448 undecima
611 1383 675 1448 diei
697 1384 784 1462 hora,
807 1390 901 1466 pacta
923 1384 1077 1462 mercede,

384 1510 420 1574 in
441 1511 568 1574 vineam
590 1512 694 1574 Tuam
715 1511 855 1590 mittere,
902 1512 999 1575 Mart.
1024 1534 1074 1574 xx.
1099 1515 1130 1575 6.

256 1637 402 1703 Eandem
424 1640 561 1723 gratiam
582 1641 633 1703 fac
655 1640 759 1717 nobis,

343 1767 396 1846 nt,
420 1790 491 1834 sero
512 1770 597 1848 licet,
622 1770 711 1853 quasi
733 1770 817 1832 circa
837 1769 1050 1846 undecimam,
1101 1766 1207 1850 [Vera.
1230 1765 1278 1849 9.]

429 1897 470 1961 ad
490 1899 536 1960 Te
557 1905 751 1962 revertentes
773 1897 912 1980 benigne
934 1897 1068 1978 suscipe,

890 2027 933 2088 Et
956 2046 1046 2089 serva
1067 2044 1134 2087 nos.

258 2155 323 2221 Qui
348 2154 427 2219 hora
449 2155 568 2232 Coenae,
596 2162 797 2217 sacrosancta
819 2152 967 2236 Corporis
989 2158 1022 2215 ct
1046 2148 1219 2231 Sanguinis
1247 2147 1311 2210 'Pni

299 2281 453 2365 mysteria
473 2280 641 2344 instituere
663 2281 799 2358 voluisti,
846 2278 897 2343 Jo.
920 2278 985 2342 xiii.
1009 2281 1039 2341 2.

254 2407 440 2473 Eorundem
473 2429 532 2471 nos
564 2429 722 2471 memores
755 2415 787 2470 et
820 2406 989 2490 participes
1022 2403 1129 2481 redde,
1170 2424 1230 2467 nec
1263 2403 1308 2467 ad

293 2533 454 2616 judicium
467 2555 622 2616 unquam,
638 2533 695 2597 sed
710 2534 750 2596 ad
766 2532 888 2617 peccati
907 2531 1137 2603 remissionem,
1152 2538 1186 2595 et
1202 2530 1312 2614 legata

379 2661 467 2725 Novi
488 2662 689 2724 Testamenti
711 2661 912 2744 acquirenda,
960 2665 974 2722 1
1004 2661 1075 2723 Cor.
1098 2660 1143 2723 xi.
1166 2661 1217 2723 29.

887 2789 931 2850 Et
952 2807 1042 2849 serva
1063 2806 1133 2849 nos.

253 2916 318 2980 Qui
340 2937 469 2999 vespere
491 2916 530 2978 de
553 2937 646 2978 cruce
668 2915 747 2993 tolli,
771 2922 803 2977 et
826 2923 1036 2977 monumento

339 3044 466 3128 sepeliri
488 3044 627 3121 voluisti,
672 3045 759 3106 Mar.
784 3066 833 3106 xv.
857 3047 909 3106 42.

250 3171 341 3235 'folle
364 3171 404 3234 de
427 3170 529 3249 nobis,
553 3180 586 3234 et
609 3170 706 3254 sepeli
728 3171 763 3234 in
786 3171 930 3254 sepulcro
951 3172 1031 3251 Tuo,

295 3308 425 3381 peccata
447 3306 566 3374 nostra,
590 3305 703 3380 tegens
724 3298 816 3362 bonis
839 3299 988 3382 operibns

338 3424 490 3508 quicquid
511 3425 595 3487 male
617 3425 814 3503 admisimus,

884 3556 929 3619 ut
951 3575 1040 3618 serra
1061 3578 1129 3620 nos.
1206 3606 1209 3612 .

251 3686 317 3754 Qui
331 3686 435 3749 multa
445 3686 514 3769 jam
528 3690 623 3748 nocte
638 3683 801 3767 Apostolis
815 3685 891 3748 Tuis
906 3684 1015 3747 affiatu
1030 3684 1100 3748 'Puo
1111 3691 1304 3768 potestatem

335 3813 458 3898 peccati
488 3820 559 3876 tum
587 3811 785 3888 remittendi,
815 3819 886 3874 tum
916 3811 1085 3888 retinendi,
1123 3812 1302 3891 contulisti,

420 3939 732 4023 thffl]

249 4062 342 4129 Illius
363 4084 423 4127 nos
444 4064 614 4146 potestatis
635 4065 804 4148 participes
825 4063 932 4141 redde,

335 4187 390 4252 sed
411 4187 515 4272 quoad
532 4189 763 4268 remissionem,
780 4211 821 4253 ne
844 4191 885 4254 ad
907 4190 1131 4269 retentionem,
1149 4190 1299 4266 Domine,

884 4318 928 4381 Et
950 4339 1040 4383 serva
1060 4340 1129 4383 nos.
