2910 5002
463 444 633 510 PRECES
658 445 982 512 QUOTIDIANAE.
1184 451 1249 515 427

193 612 281 675 Psoi.
305 610 366 676 ciii.
392 615 421 676 1.
493 613 644 690 Benedic,
668 615 776 678 anima
804 637 886 693 mea,
909 615 1060 694 Domino,
1083 621 1116 678 et
1138 619 1248 680 omnis.

453 761 522 822 quoe
544 740 632 804 intra
653 763 705 805 me
728 751 805 805 sunt
828 743 963 806 Nomini
985 751 1098 807 sancto
1120 745 1208 828 Ejus.

302 863 386 927 cxiii.
410 868 442 929 2.
497 866 649 945 Benedic,
684 867 791 930 anima
820 889 901 945 mea,
935 867 1085 946 Domino,
1116 877 1149 931 et
1178 870 1246 934 noli

449 991 592 1054 oblivisci
614 992 843 1056 retributiones
865 995 956 1077 Ejus.

410 1119 444 1180 3.
501 1117 1246 1204 Qnipropitiatnromnibusiniquitatibus‘tuis,

450 1246 504 1326 qui
527 1254 619 1308 sanat
642 1267 755 1310 omnes
778 1247 982 1311 infirmitates
1004 1256 1085 1311 tuas

412 1376 444 1438 4.
501 1375 565 1440 Qui
585 1375 722 1438 redemit
745 1375 785 1438 de
805 1376 940 1439 interitu
961 1377 1060 1440 vitam
1075 1385 1175 1456 tuam,
1191 1380 1244 1462 qni

449 1509 581 1565 coronat
603 1513 636 1564 te
658 1502 878 1566 misericordia
899 1514 933 1565 et
955 1503 1223 1568 miserationibus.

414 1631 446 1692 5.
502 1629 569 1697 Qui
598 1630 701 1714 replet
729 1630 765 1693 in
794 1630 888 1694 bonis
917 1630 1109 1694 desiderium
1140 1638 1244 1711 tunm,

449 1764 483 1822 et
504 1767 686 1836 renovatur,
709 1765 747 1820 ut
769 1757 885 1840 aquila,
904 1758 1058 1841 juventus
1079 1766 1146 1822 tua.

300 1904 371 1946 xxx.
398 1885 447 1947 12.
490 1884 684 1948 convertisti
706 1884 872 1968 planctum
890 1905 1000 1948 meum
1017 1884 1051 1946 in
1068 1883 1241 1968 gaudium:

447 2011 633 2076 conscidisti
655 2033 781 2076 saccum
805 2032 924 2090 meum,
949 2019 982 2075 et
1004 2011 1243 2076 circumdedisti

446 2157 499 2200 me
520 2137 641 2200 lustina

399 2265 451 2328 13.
498 2266 547 2329 Ut
572 2271 699 2329 cantem
722 2266 854 2349 gloriam
876 2268 990 2345 luam,
1012 2274 1045 2330 et
1066 2287 1132 2329 non
1154 2287 1241 2330 com-

448 2413 583 2476 pungar.

491 2520 642 2600 Domine,
665 2522 754 2585 Deus
776 2541 876 2597 meus,
900 2522 936 2584 in
964 2524 1120 2584 aternum
1142 2521 1240 2585 confi·

448 2646 540 2712 tebor
561 2647 645 2712 Tibi.

301 2775 373 2837 lxxi.
399 2776 449 2838 ls
497 2775 644 2842 Quantas
682 2774 851 2838 ostendisti
894 2773 974 2836 mibi
1017 2773 1241 2837 tribulationes

447 2898 567 2962 multus
597 2907 630 2962 ct
658 2899 768 2962 malos.
814 2899 858 2962 Et
883 2918 1053 2962 conversus
1077 2897 1241 2962 vivificasti

449 3047 511 3105 mc,
545 3034 579 3089 et
609 3027 649 3089 de
679 3026 793 3110 abysso
823 3033 918 3088 terrae
946 3025 1063 3089 iterum
1087 3025 1240 3089 reduxisti

447 3131 507 3214 me.

396 3280 445 3343 19.
491 3277 717 3361 Multiplicasti
737 3278 992 3362 magnificentias
1005 3278 1099 3355 Tuas,
1115 3285 1149 3342 et
1163 3298 1239 3341 oon-

447 3424 556 3470 versus
578 3407 759 3470 consolatus
780 3427 815 3470 es
837 3428 897 3471 me

392 3535 446 3597 21.
491 3533 709 3599 Exsultabunt
742 3535 826 3599 labia
854 3550 936 3614 mea,
967 3554 1039 3600 cum
1070 3542 1239 3598 cantavero

445 3662 528 3740 Tibi,
551 3669 585 3726 et
607 3664 715 3726 anima
736 3683 817 3741 mea,
841 3685 937 3745 quam
959 3661 1132 3726 redemisti.

392 3788 444 3849 22.
492 3785 555 3847 Sed
578 3793 611 3847 et
632 3785 745 3867 lingua
769 3807 841 3848 mea
861 3794 931 3849 tota
952 3785 1004 3849 die
1029 3783 1239 3848 meditabitur

441 3909 600 3995 justitiam
631 3912 742 3974 Tuam.
789 3911 878 3974 Deus
908 3930 1007 3986 meus,
1032 3909 1103 3993 quis
1126 3910 1238 3974 similis

443 4038 493 4095 est
515 4030 613 4094 Tibi?

296 4158 382 4222 lxxii.
407 4160 457 4222 18.
492 4158 686 4222 Benedictus
723 4158 881 4222 Dominus
914 4156 1003 4219 Deus
1038 4157 1147 4231 Israel,
1181 4155 1237 4237 qui

443 4286 519 4348 fecit
543 4286 702 4351 mirabilia
725 4286 818 4363 solus,
837 4294 869 4348 et
890 4283 1093 4348 benedictum
1116 4303 1235 4347 nomeu
