<?xml version="1.0" encoding="UTF-8"?>
<!DOCTYPE html PUBLIC "-//W3C//DTD XHTML 1.0 Transitional//EN"
    "http://www.w3.org/TR/xhtml1/DTD/xhtml1-transitional.dtd">
<html xmlns="http://www.w3.org/1999/xhtml" xml:lang="en" lang="en">
 <head>
  <title>
</title>
<meta http-equiv="Content-Type" content="text/html;charset=utf-8" />
  <meta name='ocr-system' content='tesseract 3.04.00' />
  <meta name='ocr-capabilities' content='ocr_page ocr_carea ocr_par ocr_line ocrx_word'/>
</head>
<body>
  <div class='ocr_page' id='page_1' title='image "./precesprivataeq00andrgoog_0249.png"; bbox 0 0 2910 5002; ppageno 0'>
   <div class='ocr_carea' id='block_1_1' title="bbox 436 455 946 526">
    <p class='ocr_par' dir='ltr' id='par_1_1' title="bbox 436 455 946 526">
     <span class='ocr_line' id='line_1_1' title="bbox 436 455 946 526; baseline -0.014 0"><span class='ocrx_word' id='word_1_1' title='bbox 436 459 605 526; x_wconf 75' lang='lat' dir='ltr'>Paucos</span> <span class='ocrx_word' id='word_1_2' title='bbox 630 455 946 525; x_wconf 78' lang='lat' dir='ltr'><strong>QUOTIDIANAE.</strong></span> 
     </span>
    </p>
   </div>
   <div class='ocr_carea' id='block_1_2' title="bbox 165 627 1264 1856">
    <p class='ocr_par' dir='ltr' id='par_1_2' title="bbox 165 627 1264 1856">
     <span class='ocr_line' id='line_1_2' title="bbox 249 627 912 713; baseline -0.008 -20"><span class='ocrx_word' id='word_1_3' title='bbox 249 629 392 713; x_wconf 89' lang='lat' dir='ltr'>turpium</span> <span class='ocrx_word' id='word_1_4' title='bbox 415 635 449 692; x_wconf 90' lang='lat' dir='ltr'>et</span> <span class='ocrx_word' id='word_1_5' title='bbox 470 628 657 701; x_wconf 86' lang='lat' dir='ltr'>illicitarum</span> <span class='ocrx_word' id='word_1_6' title='bbox 679 627 912 710; x_wconf 72' lang='lat' dir='ltr'>cogitationum</span> 
     </span>
     <span class='ocr_line' id='line_1_3' title="bbox 465 760 582 817; baseline 0.009 -1"><span class='ocrx_word' id='word_1_7' title='bbox 465 760 582 817; x_wconf 83' lang='lat' dir='ltr'>averte.</span> 
     </span>
     <span class='ocr_line' id='line_1_4' title="bbox 467 881 617 959; baseline 0 -15"><span class='ocrx_word' id='word_1_8' title='bbox 467 881 617 959; x_wconf 82' lang='lat' dir='ltr'>Domine,</span> 
     </span>
     <span class='ocr_line' id='line_1_5' title="bbox 165 1003 866 1078; baseline -0.003 -7"><span class='ocrx_word' id='word_1_9' title='bbox 165 1006 308 1071; x_wconf 88' lang='lat' dir='ltr'>Perditio</span> <span class='ocrx_word' id='word_1_10' title='bbox 331 1028 404 1070; x_wconf 86' lang='lat' dir='ltr'>mea</span> <span class='ocrx_word' id='word_1_11' title='bbox 425 1028 445 1070; x_wconf 88' lang='lat' dir='ltr'>a</span> <span class='ocrx_word' id='word_1_12' title='bbox 465 1027 518 1070; x_wconf 90' lang='lat' dir='ltr'>me</span> <span class='ocrx_word' id='word_1_13' title='bbox 540 1012 598 1078; x_wconf 86' lang='lat' dir='ltr'>est,</span> <span class='ocrx_word' id='word_1_14' title='bbox 643 1003 722 1069; x_wconf 79' lang='lat' dir='ltr'>Hoc.</span> <span class='ocrx_word' id='word_1_15' title='bbox 745 1005 810 1069; x_wconf 91' lang='lat' dir='ltr'>xiii.</span> <span class='ocrx_word' id='word_1_16' title='bbox 834 1007 866 1069; x_wconf 91' lang='grc'>9.</span> 
     </span>
     <span class='ocr_line' id='line_1_6' title="bbox 253 1133 875 1217; baseline 0.002 -21"><span class='ocrx_word' id='word_1_17' title='bbox 253 1134 407 1217; x_wconf 89' lang='lat' dir='ltr'>quicquid</span> <span class='ocrx_word' id='word_1_18' title='bbox 430 1133 549 1216; x_wconf 85' lang='lat' dir='ltr'>deliqui</span> <span class='ocrx_word' id='word_1_19' title='bbox 571 1134 714 1197; x_wconf 86' lang='lat' dir='ltr'>clemens</span> <span class='ocrx_word' id='word_1_20' title='bbox 735 1133 875 1217; x_wconf 83' lang='lat' dir='ltr'>ignosce.</span> 
     </span>
     <span class='ocr_line' id='line_1_7' title="bbox 166 1258 973 1342; baseline 0.002 -21"><span class='ocrx_word' id='word_1_21' title='bbox 166 1260 243 1322; x_wconf 91' lang='lat' dir='ltr'>Non</span> <span class='ocrx_word' id='word_1_22' title='bbox 266 1258 445 1324; x_wconf 88' lang='lat' dir='ltr'>secundum</span> <span class='ocrx_word' id='word_1_23' title='bbox 466 1265 599 1342; x_wconf 86' lang='lat' dir='ltr'>peccata</span> <span class='ocrx_word' id='word_1_24' title='bbox 620 1266 733 1322; x_wconf 88' lang='lat' dir='ltr'>nostra</span> <span class='ocrx_word' id='word_1_25' title='bbox 753 1259 850 1323; x_wconf 82' lang='lat' dir='ltr'>facias</span> <span class='ocrx_word' id='word_1_26' title='bbox 871 1258 973 1338; x_wconf 87' lang='lat' dir='ltr'>nobis,</span> 
     </span>
     <span class='ocr_line' id='line_1_8' title="bbox 297 1386 961 1469; baseline 0.003 -21"><span class='ocrx_word' id='word_1_27' title='bbox 297 1407 403 1469; x_wconf 90' lang='lat' dir='ltr'>neque</span> <span class='ocrx_word' id='word_1_28' title='bbox 426 1386 603 1450; x_wconf 85' lang='lat' dir='ltr'>secundum</span> <span class='ocrx_word' id='word_1_29' title='bbox 625 1386 814 1469; x_wconf 77' lang='lat' dir='ltr'>iniquitates</span> <span class='ocrx_word' id='word_1_30' title='bbox 835 1392 961 1450; x_wconf 85' lang='lat' dir='ltr'>nostras</span> 
     </span>
     <span class='ocr_line' id='line_1_9' title="bbox 340 1511 1054 1596; baseline -0.001 -21"><span class='ocrx_word' id='word_1_31' title='bbox 340 1512 500 1576; x_wconf 75' lang='lat' dir='ltr'>retribuas</span> <span class='ocrx_word' id='word_1_32' title='bbox 523 1512 626 1576; x_wconf 91' lang='lat' dir='ltr'>nobis.</span> <span class='ocrx_word' id='word_1_33' title='bbox 678 1512 782 1595; x_wconf 81' lang='lat' dir='ltr'>[Pacl.</span> <span class='ocrx_word' id='word_1_34' title='bbox 805 1512 868 1576; x_wconf 90' lang='lat' dir='ltr'>ciii.</span> <span class='ocrx_word' id='word_1_35' title='bbox 894 1511 960 1596; x_wconf 89' lang='grc'><strong>10.]</strong></span> <span class='ocrx_word' id='word_1_36' title='bbox 1050 1541 1054 1551; x_wconf 83' lang='grc'><em>·</em></span> 
     </span>
     <span class='ocr_line' id='line_1_10' title="bbox 170 1637 849 1723; baseline 0 -21"><span class='ocrx_word' id='word_1_37' title='bbox 170 1640 383 1702; x_wconf 87' lang='lat' dir='ltr'>Infirmitates</span> <span class='ocrx_word' id='word_1_38' title='bbox 406 1645 532 1702; x_wconf 87' lang='lat' dir='ltr'>nostras</span> <span class='ocrx_word' id='word_1_39' title='bbox 553 1637 695 1721; x_wconf 80' lang='lat' dir='ltr'>benigne</span> <span class='ocrx_word' id='word_1_40' title='bbox 717 1638 849 1723; x_wconf 80' lang='lat' dir='ltr'>respice,</span> 
     </span>
     <span class='ocr_line' id='line_1_11' title="bbox 212 1760 1264 1856; baseline -0.004 -27"><span class='ocrx_word' id='word_1_41' title='bbox 212 1774 245 1830; x_wconf 89' lang='lat' dir='ltr'>et</span> <span class='ocrx_word' id='word_1_42' title='bbox 259 1772 390 1849; x_wconf 88' lang='lat' dir='ltr'>propter</span> <span class='ocrx_word' id='word_1_43' title='bbox 404 1765 539 1848; x_wconf 83' lang='lat' dir='ltr'>gloriam</span> <span class='ocrx_word' id='word_1_44' title='bbox 554 1765 748 1828; x_wconf 76' lang='lat' dir='ltr'>sanctissimi</span> <span class='ocrx_word' id='word_1_45' title='bbox 762 1765 812 1829; x_wconf 90' lang='lat' dir='ltr'>tui</span> <span class='ocrx_word' id='word_1_46' title='bbox 825 1765 977 1856; x_wconf 90' lang='lat' dir='ltr'>nominis,</span> <span class='ocrx_word' id='word_1_47' title='bbox 1001 1764 1101 1850; x_wconf 79' lang='lat' dir='ltr'>[Paul.</span> <span class='ocrx_word' id='word_1_48' title='bbox 1111 1763 1206 1827; x_wconf 83' lang='lat' dir='ltr'>lxxix.</span> <span class='ocrx_word' id='word_1_49' title='bbox 1217 1760 1264 1844; x_wconf 91' lang='grc'>9.]</span> 
     </span>
    </p>
   </div>
   <div class='ocr_carea' id='block_1_3' title="bbox 256 1893 546 1973">
    <p class='ocr_par' dir='ltr' id='par_1_3' title="bbox 256 1893 546 1973">
     <span class='ocr_line' id='line_1_12' title="bbox 256 1893 546 1973; baseline -0.01 -15"><span class='ocrx_word' id='word_1_50' title='bbox 256 1895 348 1958; x_wconf 89' lang='lat' dir='ltr'>Mala</span> <span class='ocrx_word' id='word_1_51' title='bbox 369 1915 408 1958; x_wconf 90' lang='lat' dir='ltr'>ea</span> <span class='ocrx_word' id='word_1_52' title='bbox 428 1893 546 1973; x_wconf 92' lang='lat' dir='ltr'>omnia,</span> 
     </span>
    </p>
   </div>
   <div class='ocr_carea' id='block_1_4' title="bbox 302 2018 975 2228">
    <p class='ocr_par' dir='ltr' id='par_1_4' title="bbox 302 2018 975 2228">
     <span class='ocr_line' id='line_1_13' title="bbox 302 2018 975 2103; baseline 0 -20"><span class='ocrx_word' id='word_1_53' title='bbox 302 2041 373 2103; x_wconf 86' lang='lat' dir='ltr'>quae</span> <span class='ocrx_word' id='word_1_54' title='bbox 395 2018 533 2102; x_wconf 82' lang='lat' dir='ltr'>peccatis</span> <span class='ocrx_word' id='word_1_55' title='bbox 554 2019 685 2099; x_wconf 85' lang='lat' dir='ltr'>nostris,</span> <span class='ocrx_word' id='word_1_56' title='bbox 708 2019 851 2102; x_wconf 76' lang='lat' dir='ltr'>adeoque</span> <span class='ocrx_word' id='word_1_57' title='bbox 871 2018 975 2098; x_wconf 86' lang='lat' dir='ltr'>nobis,</span> 
     </span>
     <span class='ocr_line' id='line_1_14' title="bbox 339 2143 850 2228; baseline 0.002 -20"><span class='ocrx_word' id='word_1_58' title='bbox 339 2144 516 2228; x_wconf 83' lang='lat' dir='ltr'>justissime</span> <span class='ocrx_word' id='word_1_59' title='bbox 539 2143 708 2222; x_wconf 87' lang='lat' dir='ltr'>debentur,</span> <span class='ocrx_word' id='word_1_60' title='bbox 732 2151 850 2209; x_wconf 88' lang='lat' dir='ltr'>averte.</span> 
     </span>
    </p>
   </div>
   <div class='ocr_carea' id='block_1_5' title="bbox 429 2425 976 2492">
    <p class='ocr_par' dir='ltr' id='par_1_5' title="bbox 429 2425 976 2492">
     <span class='ocr_line' id='line_1_15' title="bbox 429 2425 976 2492; baseline 0.002 -4"><span class='ocrx_word' id='word_1_61' title='bbox 429 2425 976 2492; x_wconf 76' lang='lat' dir='ltr'>PRECATIO‘VESPERTINA.</span> 
     </span>
    </p>
   </div>
   <div class='ocr_carea' id='block_1_6' title="bbox 175 2567 1231 3288">
    <p class='ocr_par' dir='ltr' id='par_1_6' title="bbox 175 2567 1231 3288">
     <span class='ocr_line' id='line_1_16' title="bbox 175 2567 866 2651; baseline -0.001 -18"><span class='ocrx_word' id='word_1_62' title='bbox 175 2572 344 2647; x_wconf 77' lang='lat' dir='ltr'>Mlulooa‚</span> <span class='ocrx_word' id='word_1_63' title='bbox 367 2569 519 2647; x_wconf 87' lang='lat' dir='ltr'>Domine,</span> <span class='ocrx_word' id='word_1_64' title='bbox 542 2569 626 2632; x_wconf 87' lang='lat' dir='ltr'>lasso</span> <span class='ocrx_word' id='word_1_65' title='bbox 650 2568 691 2631; x_wconf 92' lang='lat' dir='ltr'>da</span> <span class='ocrx_word' id='word_1_66' title='bbox 712 2567 866 2651; x_wconf 88' lang='lat' dir='ltr'>requiem,</span> 
     </span>
     <span class='ocr_line' id='line_1_17' title="bbox 260 2696 753 2779; baseline 0 -21"><span class='ocrx_word' id='word_1_67' title='bbox 260 2697 427 2779; x_wconf 86' lang='lat' dir='ltr'>languenti</span> <span class='ocrx_word' id='word_1_68' title='bbox 449 2696 605 2760; x_wconf 68' lang='lat' dir='ltr'>virtudem</span> <span class='ocrx_word' id='word_1_69' title='bbox 626 2716 753 2759; x_wconf 83' lang='lat' dir='ltr'>renova.</span> 
     </span>
     <span class='ocr_line' id='line_1_18' title="bbox 176 2823 833 2906; baseline -0.002 -19"><span class='ocrx_word' id='word_1_70' title='bbox 176 2823 332 2887; x_wconf 92' lang='lat' dir='ltr'>Illumina</span> <span class='ocrx_word' id='word_1_71' title='bbox 356 2823 464 2886; x_wconf 85' lang='lat' dir='ltr'>oculos</span> <span class='ocrx_word' id='word_1_72' title='bbox 487 2839 586 2899; x_wconf 87' lang='lat' dir='ltr'>meos,</span> <span class='ocrx_word' id='word_1_73' title='bbox 610 2843 653 2886; x_wconf 90' lang='lat' dir='ltr'>ne</span> <span class='ocrx_word' id='word_1_74' title='bbox 675 2840 833 2906; x_wconf 84' lang='lat' dir='ltr'>unquam</span> 
     </span>
     <span class='ocr_line' id='line_1_19' title="bbox 261 2949 941 3014; baseline -0.003 0"><span class='ocrx_word' id='word_1_75' title='bbox 261 2949 461 3014; x_wconf 84' lang='lat' dir='ltr'>obdormiam</span> <span class='ocrx_word' id='word_1_76' title='bbox 483 2949 519 3012; x_wconf 93' lang='lat' dir='ltr'>in</span> <span class='ocrx_word' id='word_1_77' title='bbox 542 2957 657 3013; x_wconf 90' lang='lat' dir='ltr'>morte.</span> <span class='ocrx_word' id='word_1_78' title='bbox 704 2949 794 3012; x_wconf 81' lang='lat' dir='ltr'>Paal.</span> <span class='ocrx_word' id='word_1_79' title='bbox 820 2949 886 3012; x_wconf 89' lang='lat' dir='ltr'>xiii.</span> <span class='ocrx_word' id='word_1_80' title='bbox 909 2952 941 3012; x_wconf 83' lang='lat'>3.</span> 
     </span>
     <span class='ocr_line' id='line_1_20' title="bbox 177 3078 933 3172; baseline -0.001 -30"><span class='ocrx_word' id='word_1_81' title='bbox 177 3078 295 3142; x_wconf 84' lang='lat' dir='ltr'>Libera</span> <span class='ocrx_word' id='word_1_82' title='bbox 316 3099 368 3142; x_wconf 93' lang='lat' dir='ltr'>me</span> <span class='ocrx_word' id='word_1_83' title='bbox 390 3099 410 3141; x_wconf 89' lang='lat' dir='ltr'>a</span> <span class='ocrx_word' id='word_1_84' title='bbox 431 3085 555 3142; x_wconf 88' lang='lat' dir='ltr'>terrore</span> <span class='ocrx_word' id='word_1_85' title='bbox 577 3083 748 3156; x_wconf 86' lang='lat' dir='ltr'>nocturno,</span> <span class='ocrx_word' id='word_1_86' title='bbox 929 3167 933 3172; x_wconf 14' lang='lat' dir='ltr'>q</span> 
     </span>
     <span class='ocr_line' id='line_1_21' title="bbox 264 3205 1231 3288; baseline 0.005 -20"><span class='ocrx_word' id='word_1_87' title='bbox 264 3227 283 3268; x_wconf 91' lang='lat' dir='ltr'>a</span> <span class='ocrx_word' id='word_1_88' title='bbox 303 3206 434 3288; x_wconf 85' lang='lat' dir='ltr'>negotio</span> <span class='ocrx_word' id='word_1_89' title='bbox 455 3205 698 3288; x_wconf 84' lang='lat' dir='ltr'>perambulante</span> <span class='ocrx_word' id='word_1_90' title='bbox 717 3206 753 3269; x_wconf 89' lang='lat' dir='ltr'>in</span> <span class='ocrx_word' id='word_1_91' title='bbox 773 3205 915 3270; x_wconf 87' lang='lat' dir='ltr'>tenebris</span> <span class='ocrx_word' id='word_1_92' title='bbox 923 3232 934 3286; x_wconf 79' lang='lat'>3</span> <span class='ocrx_word' id='word_1_93' title='bbox 968 3207 1057 3270; x_wconf 81' lang='lat' dir='ltr'>Paul.</span> <span class='ocrx_word' id='word_1_94' title='bbox 1073 3206 1134 3270; x_wconf 89' lang='lat' dir='ltr'>xci.</span> <span class='ocrx_word' id='word_1_95' title='bbox 1150 3207 1181 3284; x_wconf 82' lang='lat'>5,</span> <span class='ocrx_word' id='word_1_96' title='bbox 1197 3208 1231 3273; x_wconf 88' lang='grc'>6.</span> 
     </span>
    </p>
   </div>
   <div class='ocr_carea' id='block_1_7' title="bbox 180 3333 903 3524">
    <p class='ocr_par' dir='ltr' id='par_1_7' title="bbox 180 3333 903 3524">
     <span class='ocr_line' id='line_1_22' title="bbox 180 3333 855 3413; baseline -0.003 -16"><span class='ocrx_word' id='word_1_97' title='bbox 180 3336 338 3398; x_wconf 85' lang='lat' dir='ltr'>Somnum</span> <span class='ocrx_word' id='word_1_98' title='bbox 361 3333 522 3397; x_wconf 87' lang='lat' dir='ltr'>salubrem</span> <span class='ocrx_word' id='word_1_99' title='bbox 545 3333 685 3397; x_wconf 87' lang='lat' dir='ltr'>concede</span> <span class='ocrx_word' id='word_1_100' title='bbox 706 3333 798 3413; x_wconf 89' lang='lat' dir='ltr'>mihi,</span> <span class='ocrx_word' id='word_1_101' title='bbox 822 3339 855 3397; x_wconf 90' lang='lat' dir='ltr'>et</span> 
     </span>
     <span class='ocr_line' id='line_1_23' title="bbox 265 3459 903 3524; baseline 0 -2"><span class='ocrx_word' id='word_1_102' title='bbox 265 3459 335 3523; x_wconf 89' lang='lat' dir='ltr'>sine</span> <span class='ocrx_word' id='word_1_103' title='bbox 357 3461 474 3523; x_wconf 85' lang='lat' dir='ltr'>timore</span> <span class='ocrx_word' id='word_1_104' title='bbox 495 3460 635 3524; x_wconf 86' lang='lat' dir='ltr'>transire</span> <span class='ocrx_word' id='word_1_105' title='bbox 656 3466 786 3524; x_wconf 89' lang='lat' dir='ltr'>noctem</span> <span class='ocrx_word' id='word_1_106' title='bbox 809 3459 903 3522; x_wconf 89' lang='lat' dir='ltr'>bane.</span> 
     </span>
    </p>
   </div>
   <div class='ocr_carea' id='block_1_8' title="bbox 182 3670 1282 4387">
    <p class='ocr_par' dir='ltr' id='par_1_8' title="bbox 182 3670 1282 4387">
     <span class='ocr_line' id='line_1_24' title="bbox 395 3670 704 3747; baseline -0.003 -14"><span class='ocrx_word' id='word_1_107' title='bbox 395 3670 425 3733; x_wconf 96' lang='grc'>0</span> <span class='ocrx_word' id='word_1_108' title='bbox 449 3670 567 3735; x_wconf 85' lang='lat' dir='ltr'>Custos</span> <span class='ocrx_word' id='word_1_109' title='bbox 590 3670 704 3747; x_wconf 85' lang='lat' dir='ltr'>Israel,</span> 
     </span>
     <span class='ocr_line' id='line_1_25' title="bbox 182 3794 1232 3884; baseline 0 -24"><span class='ocrx_word' id='word_1_110' title='bbox 182 3794 247 3860; x_wconf 82' lang='lat' dir='ltr'>Qui</span> <span class='ocrx_word' id='word_1_111' title='bbox 261 3815 366 3878; x_wconf 90' lang='lat' dir='ltr'>neque</span> <span class='ocrx_word' id='word_1_112' title='bbox 382 3794 503 3860; x_wconf 89' lang='lat' dir='ltr'>dormis</span> <span class='ocrx_word' id='word_1_113' title='bbox 518 3816 624 3884; x_wconf 90' lang='lat' dir='ltr'>neque</span> <span class='ocrx_word' id='word_1_114' title='bbox 639 3796 794 3859; x_wconf 89' lang='lat' dir='ltr'>dormitas</span> <span class='ocrx_word' id='word_1_115' title='bbox 808 3817 961 3879; x_wconf 88' lang='lat' dir='ltr'>unquam,</span> <span class='ocrx_word' id='word_1_116' title='bbox 999 3797 1087 3860; x_wconf 80' lang='lat' dir='ltr'>Paul.</span> <span class='ocrx_word' id='word_1_117' title='bbox 1102 3796 1185 3863; x_wconf 87' lang='lat' dir='ltr'>cxxi.</span> <span class='ocrx_word' id='word_1_118' title='bbox 1199 3798 1232 3861; x_wconf 82' lang='lat'>4.</span> 
     </span>
     <span class='ocr_line' id='line_1_26' title="bbox 225 3921 1062 4006; baseline 0.004 -20"><span class='ocrx_word' id='word_1_119' title='bbox 225 3922 360 3986; x_wconf 83' lang='lat' dir='ltr'>Custodi</span> <span class='ocrx_word' id='word_1_120' title='bbox 381 3944 434 3986; x_wconf 89' lang='lat' dir='ltr'>me</span> <span class='ocrx_word' id='word_1_121' title='bbox 455 3944 512 4006; x_wconf 88' lang='lat' dir='ltr'>per</span> <span class='ocrx_word' id='word_1_122' title='bbox 533 3929 663 3987; x_wconf 89' lang='lat' dir='ltr'>noctem</span> <span class='ocrx_word' id='word_1_123' title='bbox 685 3923 769 3986; x_wconf 89' lang='lat' dir='ltr'>banc</span> <span class='ocrx_word' id='word_1_124' title='bbox 792 3921 833 3986; x_wconf 89' lang='lat' dir='ltr'>ab</span> <span class='ocrx_word' id='word_1_125' title='bbox 855 3923 945 3986; x_wconf 92' lang='lat' dir='ltr'>omni</span> <span class='ocrx_word' id='word_1_126' title='bbox 966 3924 1062 4003; x_wconf 88' lang='lat' dir='ltr'>malo,</span> 
     </span>
     <span class='ocr_line' id='line_1_27' title="bbox 270 4047 1148 4134; baseline 0.007 -24"><span class='ocrx_word' id='word_1_127' title='bbox 270 4047 407 4112; x_wconf 87' lang='lat' dir='ltr'>Custodi</span> <span class='ocrx_word' id='word_1_128' title='bbox 431 4047 571 4112; x_wconf 84' lang='lat' dir='ltr'>animam</span> <span class='ocrx_word' id='word_1_129' title='bbox 594 4069 709 4118; x_wconf 86' lang='lat' dir='ltr'>meam,</span> <span class='ocrx_word' id='word_1_130' title='bbox 734 4068 754 4110; x_wconf 95' lang='lat'><strong>0</strong></span> <span class='ocrx_word' id='word_1_131' title='bbox 776 4047 926 4113; x_wconf 87' lang='lat' dir='ltr'>Domine.</span> <span class='ocrx_word' id='word_1_132' title='bbox 974 4048 1078 4134; x_wconf 79' lang='lat' dir='ltr'>[Vera.</span> <span class='ocrx_word' id='word_1_133' title='bbox 1102 4050 1148 4134; x_wconf 82' lang='grc'>7.]</span> 
     </span>
     <span class='ocr_line' id='line_1_28' title="bbox 184 4171 1142 4261; baseline 0.008 -27"><span class='ocrx_word' id='word_1_134' title='bbox 184 4171 327 4236; x_wconf 83' lang='lat' dir='ltr'>Visitans</span> <span class='ocrx_word' id='word_1_135' title='bbox 348 4195 401 4238; x_wconf 91' lang='lat' dir='ltr'>me</span> <span class='ocrx_word' id='word_1_136' title='bbox 424 4174 836 4260; x_wconf 31' lang='lat' dir='ltr'>visitatione-Sanctorum,</span> <span class='ocrx_word' id='word_1_137' title='bbox 887 4175 990 4259; x_wconf 85' lang='lat' dir='ltr'>[Paal.</span> <span class='ocrx_word' id='word_1_138' title='bbox 1013 4178 1072 4241; x_wconf 86' lang='lat' dir='ltr'>cri.</span> <span class='ocrx_word' id='word_1_139' title='bbox 1096 4177 1142 4261; x_wconf 77' lang='grc'>4.]</span> 
     </span>
     <span class='ocr_line' id='line_1_29' title="bbox 227 4299 1282 4387; baseline 0.002 -24"><span class='ocrx_word' id='word_1_140' title='bbox 227 4299 345 4364; x_wconf 86' lang='lat' dir='ltr'>Revela</span> <span class='ocrx_word' id='word_1_141' title='bbox 352 4299 434 4364; x_wconf 91' lang='lat' dir='ltr'>mibi</span> <span class='ocrx_word' id='word_1_142' title='bbox 443 4300 588 4365; x_wconf 89' lang='lat' dir='ltr'>animum</span> <span class='ocrx_word' id='word_1_143' title='bbox 596 4300 632 4364; x_wconf 89' lang='lat' dir='ltr'>in</span> <span class='ocrx_word' id='word_1_144' title='bbox 641 4300 815 4366; x_wconf 83' lang='lat' dir='ltr'>visionibus</span> <span class='ocrx_word' id='word_1_145' title='bbox 824 4303 939 4368; x_wconf 84' lang='lat' dir='ltr'>noctis.</span> <span class='ocrx_word' id='word_1_146' title='bbox 953 4301 1282 4387; x_wconf 80' lang='lat' dir='ltr'>[Joc.miii.15,16.]</span> 
     </span>
    </p>
   </div>
   <div class='ocr_carea' id='block_1_9' title="bbox 0 0 1460 5002">
    <p class='ocr_par' dir='ltr' id='par_1_9' title="bbox 0 0 1460 5002">
     <span class='ocr_line' id='line_1_30' title="bbox 0 0 1460 5002; baseline 0 0"><span class='ocrx_word' id='word_1_147' title='bbox 0 0 1460 5002; x_wconf 95' lang='lat' dir='ltr'> </span> 
     </span>
    </p>
   </div>
  </div>
 </body>
</html>
