2910 5002
269 433 312 493 24
554 434 690 497 ETXAI
717 436 1051 500 ΚΑΘΗΜΕΡΙΝΑΙ.

312 600 353 669 τὸς
368 601 402 666 ἐν
417 601 520 689 ἡμέρα
536 603 719 690 σωφρόνως,
738 604 850 685 ἁγνῶς,
867 605 1070 694 εὐσχημόνως

397 733 592 814 περιπατεῖν.

268 855 429 938 Ἀξίωσον
444 856 501 938 ἐμὲ
515 857 573 938 τὴν
587 857 709 944 ἡμέραν
723 857 843 938 ταύτην
858 857 1081 946 ἀναμάρτητον
1096 860 1303 947 διαφυλάξαι.

268 983 507 1071 Ὕποστηρίζων
522 984 777 1060 καταπίπτοντα,
794 985 937 1071 ἀνορθῶν
955 988 1232 1053 καταπεπτωκότα
1250 1013 1324 1067 που,

357 1109 407 1174 ἵνα
427 1110 471 1191 μή
492 1137 573 1176 ποτε
588 1111 759 1199 σκληρύνω
780 1112 839 1193 τήν
853 1112 985 1200 καρδίαν
999 1115 1033 1179 έν
1047 1118 1323 1202 παραπικρασμῷ,

353 1235 373 1318 ή
389 1241 571 1325 πειρασμῷ,
587 1236 607 1319 ἢ
624 1239 657 1302 ἐν
672 1236 785 1321 ἀπάτῃ
800 1239 883 1306 τινὸς
897 1237 1065 1325 ἁμαρτίας.

307 1363 382 1429 Ἔτι
397 1363 501 1428 δὲκαὶ
515 1364 613 1450 ῥύσον
629 1365 685 1447 ἐμὲ
699 1365 839 1452 σήμερον

440 1490 500 1556 Ἐκ
514 1490 650 1572 παγίδος
666 1491 834 1578 θηρευτόν,

440 1619 525 1685 Ἀπὸ
539 1619 638 1702 λόγου
652 1619 866 1708 ταραχώδους,

441 1745 525 1812 Ἀπὸ
538 1747 659 1826 βέλους
673 1747 849 1829 πετομένου
863 1750 919 1828 τής
933 1745 1063 1833 ἡμέρας,

440 1869 524 1936 Ἀπὸ
540 1871 788 1954 συμπτώματος,

442 1996 525 2064 Ἀπὸ
540 1998 703 2080 δαιμονίου
714 2000 947 2086 μεσημβρινοῦ.

311 2125 396 2191 Ἀπὸ
410 2129 466 2207 τῆς
480 2127 593 2196 κακίας
608 2127 683 2208 ε’μῆς
694 2124 896 2211 διοφόλαξον
911 2125 969 2207 τήν
983 2123 1113 2212 ἡμέραν,

310 2251 394 2317 Ἀπὸ
408 2255 464 2333 τῆς
478 2251 591 2321 κακίας
606 2254 663 2332 τῆς
676 2250 795 2338 ἡμέρας
810 2250 1010 2337 διαφόλαξον
1025 2251 1090 2333 ἐμέ.

268 2377 327 2459 Μή
341 2375 538 2442 έκλεόπωσιν
552 2377 586 2441 ἐν
599 2376 793 2458 ματαιότητι
807 2376 923 2465 ἡμέραι
937 2403 1009 2458 μου,

352 2505 403 2570 Τὸ
416 2505 472 2586 ἔτη
486 2532 550 2588 μου
565 2508 599 2572 ἐν
614 2503 776 2595 δυστηνέα

264 2631 391 2740 ’τινα
404 2637 444 2718 τι
458 2633 560 2722 εισι
575 2633 696 2720 σοι
710 2635 806 2720 τοι

308 2759 352 2823 Ἡ
370 2759 509 2841 σήμερον
523 2763 563 2841 τῇ
574 2759 652 2845 χθὲς
667 2759 822 2840 ’γνῶσινῆ
838 2761 959 2847 πρᾶξιν
974 2761 1053 2825 τινά,

278 2883 448 2949 Ακουστὸν
461 2883 600 2963 ποίησόν
614 2910 670 2965 μοι
685 2883 722 2949 τὸ
736 2883 823 2970 πρωῒ
835 2884 872 2950 τὸ
887 2883 977 2953 ἔλεός
991 2911 1062 2964 σου,

430 3012 512 3079 ’Ότι
528 3013 585 3079 ἐπί
597 3040 651 3078 σοι
665 3013 803 3096 ἤλπισα·

267 3143 428 3231 Γνόρισόν
441 3169 496 3225 μοι
511 3143 592 3218 ὁδὸν,
609 3145 644 3210 έν
656 3142 677 3228 ᾔ
691 3142 901 3230 πορεύσομαι,

345 3268 427 3335 Ὅτι
440 3269 521 3357 πρός
536 3296 578 3334 σε
592 3267 654 3356 ᾔρα
669 3268 727 3348 τὴν
740 3267 857 3356 ψυχήν
870 3293 942 3350 μου.

265 3392 399 3478 Ἐξελοῧ
413 3421 454 3478 με
469 3397 505 3462 ἐκ
519 3400 582 3462 τῶν
598 3396 724 3482 ἐχθρῶν
737 3420 809 3476 μου,
825 3394 934 3481 Κόριε

343 3522 426 3588 ’Ότι
440 3524 521 3612 πρός
536 3549 576 3587 σε
591 3523 781 3609 κατέφυγον.

265 3647 402 3731 Διὸαξόν
415 3674 457 3731 με
470 3654 574 3715 ποιεῖν
588 3649 625 3714 τὸ
641 3647 768 3731 θέλημά
781 3674 850 3721 σου,

343 3775 425 3841 Ὅτι
440 3776 523 3845 Θεὸς
537 3802 600 3857 μου
616 3774 645 3840 εἴ
666 3770 720 3843 Σύ.

266 3901 311 3966 Τὸ
324 3902 452 3985 πνεῦμά
467 3928 528 3966 σου
542 3901 580 3966 τὸ
595 3900 715 3983 σ’νγαθὸν
730 3899 881 3983 ὸὸηερήσει
895 3927 936 3982 με

352 4030 385 4095 ἐν
398 4032 440 4114 εγῇ
455 4028 568 4117 εὐθείᾳ,

257 4155 392 4221 Ἕνεκεν
406 4159 463 4220 τοῦ
476 4154 628 4239 ὀνόματός
642 4181 705 4220 σου
716 4155 822 4238 ζήσεις
835 4181 883 4240 με,
901 4158 1018 4244 Κύριε,’

350 4279 408 4344 Ἑν
422 4284 463 4364 τῇ
478 4279 662 4364 δικαιοσύνη
677 4307 739 4346 σου
753 4281 878 4365 ἐξάξεις
893 4283 930 4346 ἐκ
944 4281 1092 4365 θλίψεως
