2910 5002
475 443 643 507 Pudens
668 442 983 508 QUOTIDIANAE.
1210 441 1252 503 4⁷

348 678 350 682 ,
384 614 481 680 fidem
502 615 655 694 veritatis,
699 617 721 678 2
747 616 850 678 Thess.
874 614 906 677 ii.
933 615 983 677 13.

287 741 330 805 ad
556 752 591 806 et
819 730 826 738 ’

383 870 628 935 sanctimoniam
650 869 909 946 conversationis,
956 870 972 931 l
998 869 1067 934 Pet.
1090 867 1136 931 iii.
1159 871 1190 931 2.

290 999 331 1063 In
353 1021 418 1084 qua
438 998 610 1083 participes
631 996 730 1062 redde
752 1019 811 1061 nos

198 1125 445 1191 communionis
468 1128 670 1201 Sanctorum,
693 1133 727 1190 et
747 1125 944 1191 remissionis
965 1132 1169 1210 peccatorum

374 1254 410 1318 in
432 1254 583 1338 presenti
605 1261 760 1337 tempore,

289 1380 330 1442 In
352 1401 415 1464 qua
437 1388 526 1444 certo
547 1387 730 1463 exspectare
751 1400 811 1444 nos

243 1506 358 1595 Carnis
379 1507 657 1586 resurrectionem,
680 1513 713 1572 et
735 1507 834 1570 vitam
856 1515 1009 1572 uternam

505 1634 542 1695 in
563 1634 684 1699 futuro.

293 1891 389 1955 Hanc
411 1891 656 1955 Sanctissimam
678 1890 774 1955 fidem

376 2019 476 2083 semel
497 2018 650 2083 traditam
675 2019 802 2083 Sanctis
844 2018 920 2082 Μ.
943 2039 1022 2083 oers.
1044 2023 1076 2084 3.

464 2144 579 2222 Credo,
602 2145 760 2210 Domine:

289 2273 417 2358 Adjuva
438 2273 696 2338 incredulitatem
718 2295 835 2353 meam,
879 2274 967 2338 Mar.
991 2274 1033 2338 ir.
1057 2277 1110 2338 24.

289 2400 435 2485 Adauge,
451 2400 537 2485 quod
551 2401 632 2464 mihi
646 2409 696 2465 est
709 2400 865 2497 pusillum
878 2401 964 2466 fidei.
1013 2402 1104 2486 [Luc.
1117 2402 1189 2467 xvii.
1203 2404 1249 2486 5.]

420 2528 464 2592 Et
485 2528 568 2592 mihi
589 2527 728 2593 concede
748 2528 918 2614 benignus,

203 2720 244 2777 ut
264 2713 300 2776 in
312 2656 455 2851 {Patre
477 2655 631 2740 pietatem
654 2655 805 2740 diligam5

355 2782 586 2867 omnipotente
608 2782 787 2868 potentiam
809 2804 964 2849 revereor.

205 2908 284 2993 Ipsi,
307 2929 367 2973 ceu
388 2910 535 2974 Creatori
557 2910 654 2990 fideli,
676 2912 900 2976 commendem
926 2910 1068 2976 animam
1092 2931 1196 2976 meam
1220 2911 1255 2974 in

291 3035 541 3116 benefaciend03
590 3038 606 3100 l
634 3040 702 3101 Pet.
726 3039 768 3103 iv.
793 3040 844 3103 19.

304 3163 393 3242 Jesu,
734 3165 855 3230 Salutis
930 3166 947 3182 “

205 3312 244 3354 ex
258 3161 445 3506 {Christo
704 3327 705 3331 =
728 3293 902 3358 Unctionis
934 3179 1057 3509 }fism
1078 3294 1246 3378 particeps.

306 3419 485 3504 Unigenito
507 3421 597 3499 Filio,
727 3420 918 3506 Adoptionis

420 3546 599 3612 Dominum
621 3547 732 3626 oolam,

205 3675 341 3759 Propter
363 3675 613 3759 conceptionem
725 3676 813 3754 Fide,

363 3802 577 3869 Nativitatem
729 3803 933 3881 Humilitate,

362 3930 529 3997 Passiones
727 3930 891 3996 Patientia
939 3939 973 3996 et
1001 3930 1211 4016 .Antipathia

775 4066 990 4144 peccatorum,

364 4188 502 4253 Crucem
733 4188 931 4273 Crucifigere
951 4189 1073 4274 primos
1094 4195 1212 4268 motus,

780 4318 870 4401 [Gal.
892 4339 920 4381 v.
943 4318 1012 4402 24]
