2910 5002
441 439 612 506 PREOES
638 437 956 506 QUOTIDIANAE.
1160 438 1225 504 369

155 605 284 690 Ἄγιος,
307 604 407 688 όγιος,
430 603 531 689 άγιος,
556 604 655 694 Κύριε
678 604 696 669 5
719 603 800 674 Θεὸς
822 602 839 669 5
860 602 1103 691 παντοκράτωρ,
1135 602 1153 669 5
1177 603 1225 685 ἦν,
1306 569 1309 572 ¹

253 733 308 800 καὶ
329 733 347 799 5
372 732 425 813 ὧν,
448 733 502 800 καί
523 731 542 800 5
564 732 745 823 ἐρχόμενος.
790 735 888 816 Αροσ.
912 734 952 798 iv.
976 735 1006 798 8.

163 859 396 939 ’APPEAQN
436 859 548 944 Ἀξιὸν
570 860 642 927 ἐστι
662 865 701 926 τὸ
719 858 848 948 Ἀρνίον
868 858 906 925 τὸ
935 857 1139 945 ἐσφαγμένον
1160 868 1221 924 λα-

250 991 325 1070 βεῖν
345 989 405 1072 τὴν
424 988 566 1081 δύναμιν,
584 989 640 1056 καί
660 992 813 1064 πλοῦτον,
830 988 884 1054 καὶ
899 986 1029 1076 σοφίαν,
1040 987 1103 1054 ’καί
1118 986 1224 1076 ἰσχὺν,

251 1117 306 1184 καὶ
327 1117 432 1200 τιμὴν,
455 1116 512 1182 καί
531 1115 638 1201 δόξαίς
661 1116 718 1193 καὶ
739 1115 896 1200 εὐλογίαν.
940 1119 1038 1202 Αροσ.
1062 1141 1091 1183 v.
1118 1117 1169 1182 12.

166 1245 436 1313 κΤιΣΜΑΤοΝ
460 1212 665 1319 ΠΑΝΤοΝι·
708 1244 767 1333 Τρ
777 1244 943 1334 καθημένῳ
959 1244 1015 1313 ἐπὶ
1029 1247 1085 1310 τοι
1101 1243 1222 1332 θρόνου,

251 1373 306 1440 καί
331 1379 377 1463 τῷ
405 1373 532 1463 Ἀρνίφ,
555 1369 576 1456 ἡ
600 1370 739 1456 εὐλογία,
763 1373 819 1439 καί
846 1373 868 1457 ἦ
897 1375 985 1458 τιμή,
1017 1373 1072 1440 καί
1093 1372 1113 1457 ἡ
1136 1372 1223 1457 δόξα,

251 1501 307 1567 καί
328 1499 367 1566 τὸ
390 1499 505 1588 κράτος
528 1499 573 1570 εἰς
594 1499 669 1570 τούς
698 1497 814 1571 αἰῶνας
843 1504 907 1567 τῶν
934 1499 1066 1568 αἰώνων.
1111 1497 1223 1583 Ἀμήν.

256 1632 341 1694 Vers.
366 1627 418 1692 13.

161 1755 255 1818 ΤΩΝ
289 1754 549 1818 ΜΑΡΊῪΡΩΝ.
601 1751 646 1817 Ἥ
679 1751 824 1838 σωτηρία
858 1754 905 1840 τῷ
937 1752 1012 1841 Θεῷ
1044 1751 1142 1836 ἡμῶν,
1177 1756 1224 1840 τῷ

247 1881 417 1971 καθημένῳ
431 1879 487 1948 ε’ττὶ
501 1883 559 1946 τοῦ
570 1879 705 1969 Θρόνον,
722 1878 777 1946 καὶ
791 1878 972 1969 τῷἈρνίφ.
995 1883 1093 1965 Αροσ.
1103 1881 1155 1945 vii.
1169 1885 1220 1947 10.

163 2009 276 2094 Ἀμήν·
299 2008 318 2092 ἡ
343 2007 482 2092 εὐλογία,
505 2009 560 2075 καὶ
580 2007 601 2092 ἡ
625 2006 714 2092 δόξα,
737 2007 792 2074 καὶ
812 2006 834 2089 ἡ
856 2008 968 2095 σοφία,
991 2007 1046 2074 καί
1073 2006 1094 2091 ἡ
1124 2005 1221 2096 εὐχα-

248 2135 369 2225 ριστία,
392 2134 448 2200 καί
468 2133 489 2218 ἡ
511 2135 600 2219 τιμὴ,
623 2136 678 2202 καί
706 2134 727 2218 ἦ
757 2133 974 2218 δύναμιςκαὶ
1002 2133 1023 2217 ἡ
1053 2132 1150 2223 ἰσχύς
1176 2138 1222 2223 τῷ

249 2265 324 2351 Θεῷ
351 2261 451 2345 ἡμῶν,
485 2261 529 2334 εἰς
559 2259 633 2333 τούς
665 2260 782 2332 αἰῶνας
816 2263 881 2329 τῶν
917 2260 1047 2328 αἰάνων.
1106 2261 1219 2346 Ἀμήν.

253 2393 341 2457 Vere.
367 2394 418 2457 12.

163 2521 255 2585 ΤΩΝ
273 2519 357 2586 ΚΔ’.
373 2517 715 2586 ΠΡΕΣΒΥΤΕΡΩΝ.
756 2518 1025 2610 Εὐχαριστοῦμέν
1039 2544 1104 2597 σοι,
1121 2517 1222 2607 Κύριε

248 2648 266 2716 5
294 2647 375 2719 Θεὸς
404 2646 421 2714 5
452 2646 696 2737 παντοκράτωρ,
719 2647 736 2714 5
757 2647 810 2724 ὢν,
832 2648 887 2715 καί
915 2648 933 2715 5
963 2647 1015 2731 ἦν,
1038 2647 1094 2714 καί
1122 2647 1139 2713 5
1169 2645 1221 2736 ε’ρ·

247 2774 393 2865 χόμενος,
416 2774 466 2840 ότι
488 2773 626 2860 εἴληφας
654 2773 715 2866 τὴν
744 2772 877 2858 δύναμιν
905 2775 965 2858 τὴν
987 2773 1143 2858 μεγάλην,
1166 2775 1221 2840 καὶ

248 2902 478 2983 ἐβασίλευσας.
525 2904 635 2990 [Αροι.
659 2904 702 2970 xi.
728 2904 795 2990 17.]

160 3031 516 3099 ἘΠΙΘΑΛΑΜΙΟΝ.
561 3029 687 3096 Αἰνεῖτε
716 3028 771 3096 τὸν
800 3027 885 3096 Θεὸν
914 3028 1012 3114 ἡμῶν,
1042 3027 1160 3100 πάνκες
1190 3029 1222 3096 οἱ

247 3157 358 3225 δοῦλοι
379 3157 485 3232 αὐτοῦ,
504 3156 559 3223 καὶ
581 3156 613 3223 οἰ
633 3157 830 3245 φοβούμενοι
850 3157 956 3240 αὐτὸν,
975 3155 1007 3222 οἰ
1025 3157 1143 3246 μικροὶ,
1164 3158 1220 3224 καὶ

247 3284 280 3351 οἰ
298 3283 445 3370 μεγάλοι.
490 3285 660 3374 Χαίρωμεν
689 3286 743 3353 καὶ
772 3285 1004 3369 άγαλλιοίμεθα
1033 3285 1089 3352 καί
1117 3284 1220 3369 δῶμεν

248 3413 307 3495 τὴν
337 3412 435 3496 δόξαν
463 3412 559 3502 αὐτῷ,
592 3413 643 3480 ότι
673 3413 773 3497 ἦλθεν
802 3413 819 3479 5
851 3413 954 3498 γάμος
987 3417 1044 3480 τοῦ
1080 3413 1216 3502 Ἀρνίον.

246 3541 345 3624 Αροσ.
369 3543 432 3606 xix.
456 3546 487 3608 ὅ.
511 3546 540 3610 7.

160 3668 327 3756 Μακάρων
363 3668 395 3734 οἱ
430 3669 473 3741 εἰς
509 3668 547 3736 τὸ
588 3668 717 3738 δεῖπνον
752 3673 810 3738 τοῦ
845 3670 976 3759 Ἀρνίον
1009 3669 1206 3752 κεκλημένοι.

249 3799 354 3883 [Vm.
378 3800 426 3883 9.]
