2910 5002
238 471 304 532 284
520 463 692 529 Puuous
719 461 1034 530 uuoumuum.
1078 444 1083 453 '

420 633 664 717 tranquillitate,

419 822 497 886 locis
519 758 750 953 {virentibuu

563 889 757 964 rorantibus,

321 1023 357 1084 in
421 1016 582 1094 Paradiw,
633 1015 725 1099 [Luc.
742 1015 826 1078 xxiii.
843 1013 911 1096 lu]

423 1141 686 1224 Rofiigeratione,

425 1268 505 1331 Sinu
526 1267 674 1345 Abrahae,
726 1266 816 1349 [Luc.
832 1266 894 1329 xvi.
911 1265 980 1348 22]

422 1395 649 1458 Tabernooulis
674 1394 874 1470 Sanctorum,

245 1515 404 1593 Gaudere,
602 1514 719 1577 Sedere
947 1513 1058 1592 Quies,

245 1643 374 1719 Laetari,
603 1641 645 1706 od
666 1641 813 1704 dextram
948 1642 1073 1718 Houor,

246 1770 376 1848 Feriam,
653 1770 727 1846 Dei,
946 1767 1134 1834 AEternitas.

246 1897 435 1975 Glorifiouri,
947 1896 1174 1973 Ter-Sanctus,

244 2023 350 2101 Beari,
951 2023 1035 2086 Cum
1050 2022 1192 2105 Angelis,

246 2150 378 2216 Deliciis
399 2150 473 2228 frui,
952 2151 993 2213 In
1015 2150 1096 2228 luce,

246 2278 404 2355 Psalmus,
956 2277 1102 2354 Sursum,

244 2407 379 2484 Cantus,
957 2404 1000 2467 In
1021 2404 1113 2468 ooelo.

298 2640 301 2644 ⁵
378 2655 510 2732 Zonam,
1046 2655 1189 2733 Galeam,

379 2784 536 2861 Loricam,
1047 2785 1194 2862 Soutum,

380 2912 521 2990 Calceos,
1053 2912 1216 2990 Gladium,

464 3061 560 3122 super
582 3039 690 3104 omnia
712 3039 902 3104 orationem.
953 3039 1049 3123 [Epo.
1060 3040 1101 3104 vi.
1115 3037 1270 3122 14-18.]

251 3288 401 3353 Concede
416 3289 495 3352 mihi
518 3300 712 3373 potestatem
735 3301 768 3355 et
790 3293 1064 3374 opportunitatem
1078 3291 1163 3356 bene
1177 3290 1305 3375 agendi,

294 3426 331 3482 ut
347 3427 422 3482 ante
437 3420 523 3483 diem
538 3420 642 3482 exitus
663 3420 728 3483 mei
751 3421 864 3483 saltem
879 3420 1008 3502 aliquod
1023 3419 1144 3484 bonum
1159 3419 1306 3500 efficiam,

381 3547 472 3631 cujus
493 3546 617 3610 fructus
639 3555 779 3625 maneat,
830 3547 893 3630 [Jo.
910 3569 960 3611 xv.
979 3547 1044 3630 16.]

339 3674 387 3737 Ut
409 3695 559 3757 apparere
582 3674 701 3757 possim
724 3695 799 3737 oum
818 3674 954 3757 justitia,

423 3810 456 3863 et
479 3801 587 3865 satiari
609 3822 683 3865 cum
705 3802 814 3884 gloria.
866 3802 939 3884 [Po.
955 3802 1029 3865 xvii.
1047 3801 1113 3884 15.]

252 3927 316 3991 Qui
329 3927 475 3991 Ezechiae
484 3949 585 3991 annos
598 3928 780 4010 quindecim
792 3929 865 3992 vitae
876 3929 1030 4012 adjecisti,
1060 3928 1094 4012 [2
1105 3929 1182 4011 Req.
1192 3949 1243 3992 xx.
1254 3928 1304 4012 6.]

294 4052 375 4114 mihi
397 4060 525 4116 tantum
548 4055 622 4117 vitae
645 4054 784 4135 spatium
806 4054 982 4135 indulgeas,

382 4179 495 4242 saltem
517 4180 558 4243 ad
579 4201 772 4257 mensuram,

297 4304 374 4368 (lum
398 4316 527 4388 peccata
549 4307 670 4371 vulcam
693 4306 882 4388 deplorare,⁴
