2910 5002
391 420 397 431 '
473 442 645 508 snncns
670 441 989 510 cuormnnn.
1192 443 1257 505 co
1301 395 1304 400 ’

369 759 375 772 ·
504 744 784 810 GRATIARUM
808 744 956 811 serlo.

201 897 291 961 Psal.
311 895 414 961 cxlvii
433 898 461 959 1.
508 896 665 959 Jucunnn
688 895 865 980 decoraque
887 897 967 961 laus.

587 1023 747 1107 Indignus
769 1030 856 1104 ante,

587 1149 641 1214 Ne
663 1120 811 1233 ingratus
834 1157 917 1234 post.

201 1274 295 1337 Proc.
319 1274 359 1338 xi.
383 1276 435 1338 25.
502 1276 623 1339 Anima
645 1296 717 1360 quae
738 1275 912 1356 benedixit,
934 1277 1200 1362 impingrmbitnr.

200 1398 293 1464 Dect.
317 1399 379 1464 viii
406 1403 457 1466 10.
503 1402 586 1466 Cum
608 1401 795 1482 comederis,
818 1410 852 1468 et
876 1403 1010 1490 satiatus
1031 1404 1141 1484 fueris,
1157 1405 1256 1470 bene-

461 1526 548 1593 dicas
578 1529 721 1594 Domino
751 1531 822 1595 Deo
850 1537 909 1595 tuo
934 1551 992 1614 pro
1020 1537 1108 1596 terra
1133 1531 1256 1616 optima

458 1677 555 1739 quam
580 1655 670 1720 dedit
691 1657 759 1721 tibi

199 1777 472 1844 Ecod.xviii.10.
501 1778 699 1844 Benedictus
721 1780 810 1859 Deus
832 1782 854 1843 J
856 1781 1008 1846 ethronis.

363 1927 414 1971 xv.
436 1907 466 1969 2.
502 1907 676 1972 Cantemus
691 1908 832 1972 Domino
858 1909 950 1974 Isaac
964 1915 997 1973 et
1012 1909 1242 1988 Israelitarum,

587 2035 678 2099 Deus
700 2057 791 2101 meus
814 2057 848 2100 es
869 2037 929 2100 Tu.

203 2160 292 2224 Psoi.
308 2159 480 2225 cxviii'28.
548 2162 593 2225 Bt
614 2162 788 2226 confitebor
809 2162 892 2239 Tibi,

543 2289 588 2352 Et
610 2289 755 2354 exaltabo
776 2290 831 2352 re.
949 2252 954 2261 Ι
1232 2350 1236 2360 ,

201 2416 218 2476 1
243 2414 312 2478 Pet.
335 2413 358 2478 i.
380 2415 412 2477 3.
438 2378 440 2382 Α
507 2413 701 2479 Benedictus
721 2415 811 2479 Deus
832 2421 865 2480 et
888 2416 984 2479 Pater
999 2413 1131 2479 Domini
1151 2413 1253 2478 nostri

458 2539 538 2602 Jesu
561 2539 692 2618 Christi,
721 2539 776 2623 qui
799 2539 975 2604 secundum
1002 2537 1252 2603 misericordiam

458 2686 550 2729 suam
579 2686 731 2750 magnam
761 2666 964 2750 regeneravit
998 2687 1057 2730 nos
1093 2665 1130 2728 in
1161 2686 1250 2750 spem

455 2790 569 2871 vivam,
596 2813 652 2876 per
672 2795 940 2859 resurrectionem
967 2794 1046 2857 Jesu
1069 2790 1189 2856 Christi
1212 2812 1251 2856 ex

456 2917 601 2985 mortuis

200 3046 282 3129 Epi.
305 3045 328 3110 i.
350 3046 380 3109 8.
506 3047 703 3123 Benedictus
719 3049 809 3113 Deus
829 3055 863 3111 et
881 3049 978 3112 Pater
995 3045 1130 3112 Domini
1149 3045 1252 3110 nostri

458 3170 480 3235 J
481 3191 538 3234 esu
549 3170 680 3250 Christi,
693 3171 748 3254 qni
759 3170 925 3235 benedixit
935 3191 995 3235 nos
1006 3171 1042 3234 in
1053 3170 1142 3234 omni
1153 3170 1251 3234 bene-

457 3298 597 3364 dictione
618 3297 774 3381 spin'tuaii
794 3297 829 3360 in
849 3296 1032 3361 coelestibus
1052 3296 1088 3361 in
1108 3297 1249 3362 Christo.

198 3421 274 3487 Iac.
296 3421 319 3487 i.
340 3425 395 3487 68.
500 3424 696 3489 Benedictus
729 3424 891 3491 Dominus
925 3424 1015 3489 Deus
1048 3423 1160 3503 Israel,
1195 3423 1251 3507 qui

448 3552 587 3618 visitavit
609 3560 642 3617 et
663 3553 800 3617 redemit
821 3553 977 3636 populum
1001 3571 1104 3614 suum.
1238 3570 1242 3577 ’

197 3681 218 3741 2
243 3677 314 3742 Gor.
337 3678 359 3744 i.
384 3681 414 3742 3.
504 3679 699 3743 Benedictus
714 3679 803 3741 Deus
825 3684 859 3739 et
880 3678 976 3738 Pater
994 3672 1126 3736 Domini
1146 3673 1250 3735 nostri

457 3805 478 3866 J
480 3824 538 3866 esu
548 3801 680 3878 Christi,
692 3802 791 3864 Pater
799 3796 1100 3872 misericordiarum,
1115 3803 1148 3858 et
1160 3796 1251 3859 Dens

385 3934 415 3993 4.
461 3927 561 3992 totius
583 3923 819 4001 consolationis,
844 3923 899 4005 qui
921 3918 1105 3986 consolatur
1132 3941 1191 3984 nos
1214 3919 1250 3982 in

458 4055 547 4120 omni
568 4050 773 4119 tribulatione
796 4056 913 4114 nostra

201 4184 290 4247 Pscl.
314 4182 373 4247 cxi.
399 4186 427 4247 1.
507 4180 670 4246 Confiteor
678 4178 760 4258 Tibi,
774 4174 1046 4253 Domine,intoto
1058 4171 1153 4236 corde
1167 4191 1248 4247 meo,

460 4307 609 4391 privatim
632 4326 705 4370 cum
723 4304 830 4388 justis,
854 4301 944 4366 etin
967 4298 1221 4381 congregatione.

243 4438 300 4482 isc.
320 4446 415 4484 esrom.
709 4433 729 4493 3
753 4447 765 4493 1
