2910 5002
461 441 637 515 PRDOES
659 439 979 507 QUOTIDIANAE.
1188 432 1248 500 141

369 619 404 677 et
423 611 623 697 temporibus
645 608 784 696 pacificis
795 637 805 689 ;

198 742 264 806 Pro
283 739 517 825 navigantibus,
539 739 778 820 itinerantibus,
801 738 940 824 aegrotis,
1014 745 1017 751 ’

92 872 98 876 “
283 864 504 931 laborantibus
524 862 558 931 et
579 864 722 949 captivis,

217 962 224 972 .
371 999 405 1057 et
427 1012 540 1057 eorum
561 990 675 1056 salute.

199 1117 334 1205 Adjuve,
356 1138 456 1196 servu,
478 1117 631 1182 miserere
652 1123 686 1181 et
707 1115 834 1180 custodi
855 1136 915 1183 nos

369 1251 428 1310 tua
449 1244 564 1330 gratim
587 1243 688 1309 Deus.

201 1372 427 1452 sanctissime,
448 1371 660 1449 intemeratae,
683 1391 779 1454 super
800 1377 933 1436 uaeteroe
954 1368 1143 1450 benedictae,

243 1499 401 1585 Deipurae,
416 1505 450 1564 et
471 1518 597 1583 semper
611 1496 756 1581 Virginis
779 1497 903 1576 Mariae,

278 1649 354 1693 cum
374 1625 524 1692 omuibus
548 1625 684 1704 Sanctio,
706 1624 861 1689 memorie
881 1624 1002 1704 habitu,

198 1757 269 1823 Noe
289 1755 383 1839 ipsos,
405 1761 439 1818 et
460 1752 600 1818 vicissim
622 1751 712 1832 ulios,
736 1759 770 1817 et
791 1770 922 1838 omnem
943 1752 1044 1818 vitum
1065 1760 1220 1832 nostrum,

284 1878 414 1951 christo
435 1882 507 1946 Deo
528 1880 810 1946 commendemus:
1161 1863 1164 1867 ’

368 2008 442 2075 'l'ibi
463 2007 614 2087 Domine,

199 2137 285 2207 Quia
304 2136 365 2201 tibi
386 2135 536 2201 convenit
558 2134 669 2219 gloria,
691 2105 804 2214 honor,
827 2141 860 2201 et
882 2134 1037 2200 odoratio.

198 2349 313 2416 Gratia
333 2348 467 2416 Domini
488 2347 601 2428 nost1i,
625 2347 646 2410 J
648 2368 705 2412 eeu
727 2300 859 2428 curisti,

369 2483 402 2542 et
424 2474 573 2543 chirion
595 2475 668 2556 Dei,

188 2615 191 2620 '
328 2610 362 2669 et
383 2602 641 2670 communicatio
665 2603 698 2667 S.
724 2600 863 2684 Spiritus

371 2731 414 2796 eit
435 2751 573 2809 mecum,
596 2737 630 2795 et
652 2750 727 2795 eum
748 2728 897 2794 omnibus
918 2727 1033 2794 nobie:

457 2858 575 2925 Amen.
621 2860 739 2924 zoor.
761 2858 829 2924 xiii.
854 2860 907 2925 14.

198 3071 399 3140 Commendo
421 3079 455 3137 et
475 3093 538 3153 me,
555 3079 588 3138 et
610 3094 708 3159 meos,
724 3080 757 3138 et
780 3094 853 3137 meu
867 3072 986 3152 omniu,
1001 3071 1043 3136 ui
1059 3070 1116 3156 qui
1136 3076 1255 3156 potens

242 3206 292 3265 eet
318 3221 372 3264 me
401 3221 590 3266 eonservere
620 3201 691 3266 eine
718 3208 861 3285 peceato,
892 3207 925 3266 et
954 3200 1150 3266 constituere
1179 3209 1255 3266 unte

241 3335 448 3414 oompeotum
463 3329 573 3413 gloriae
587 3351 654 3394 suae
673 3329 928 3412 immaculatum,
945 3329 1006 3396 soli
1020 3330 1092 3396 Deo
1107 3328 1255 3414 sapienti,

241 3467 276 3521 et
298 3455 457 3521 Salvatori
478 3463 600 3536 nostro,
648 3467 652 3475 “

373 3583 426 3648 eui
448 3582 551 3668 glorie
573 3592 607 3650 et
628 3585 881 3670 magnificentie,

414 3709 586 3796 imperium
608 3721 641 3777 et
664 3719 814 3798 potestus,

458 3845 491 3903 et
512 3860 611 3921 nuno,
633 3847 667 3903 et
689 3839 724 3903 in

503 3968 611 4032 omniu
632 3967 760 4033 soeculo.
804 3965 879 4029 Jud.
903 3967 956 4046 24,
980 3967 1033 4031 25.

669 4094 788 4159 Amen.

420 4309 449 4372 O
473 4307 623 4388 Domine,
646 4307 692 4372 mi
714 4307 866 4387 Domine,
