2910 5002
447 455 617 522 PRECDS
643 456 961 524 QUOTIDIANAE.
1169 463 1232 526 355

178 623 231 687 Da
252 623 333 687 mibi
353 622 511 704 Verbum,
535 624 681 690 Verbum
703 624 821 690 Patris.

178 751 288 835 'Pange
309 750 390 815 mihi
413 771 477 817 cor.
524 752 555 836 [l
582 753 668 818 Sam.
691 775 722 818 x.
745 753 813 838 26.]

178 878 334 944 Illumina
354 900 468 945 sensus
490 880 604 946 cordis.
653 881 749 966 [pr.
772 881 794 945 i.
818 879 863 964 8.]

176 1007 276 1090 Aperi
286 1006 463 1088 labiamea,
474 1013 507 1073 et
518 1008 616 1093 imple
629 1008 780 1074 laudibus
792 1007 879 1074 mis.
896 1006 965 1093 [Po.
975 1006 1011 1073 li.
1022 1006 1062 1073 15
1070 1035 1080 1089 3
1096 1008 1172 1074 lxxi.
1182 1009 1232 1096 8.]

176 1134 267 1215 Esto,
290 1136 440 1216 Domine,
462 1137 499 1201 in
520 1137 636 1222 spiritu
657 1145 690 1203 et
711 1138 748 1203 in
769 1158 824 1203 ore
846 1158 930 1204 mco.
1330 1114 1338 1123 “

176 1262 219 1325 In
252 1283 316 1342 ore,
339 1270 377 1326 ut
405 1263 550 1348 legitime
579 1273 612 1330 et
642 1264 740 1349 digna
770 1263 964 1329 annunciem
992 1265 1124 1330 oracula
1152 1265 1231 1344 Tua,

261 1393 406 1476 potentia
427 1393 648 1459 sanctificante
668 1399 720 1458 ter
742 1393 844 1459 sancti
868 1392 1008 1478 Spiritus
1029 1392 1100 1458 Tui.

178 1519 289 1598 O'l'u,
311 1540 417 1602 pruna
439 1520 575 1603 geminae
600 1526 735 1599 naturoe,
757 1519 814 1603 qni
842 1519 964 1605 forcipe
989 1526 1126 1604 tangens
1147 1518 1234 1584 labia

261 1646 441 1731 Prophetae,
465 1647 636 1711 attollens
659 1648 729 1731 ejus
753 1654 896 1730 peccata,
918 1653 1018 1730 tanga
1040 1667 1114 1711 mea
1135 1645 1230 1725 labia,
1368 1709 1377 1725 ,

261 1774 317 1857 qni
338 1779 487 1858 peccator
509 1795 591 1855 sum,
614 1780 648 1838 et
669 1773 793 1839 munda
820 1795 873 1839 ma
903 1774 944 1840 ab
975 1775 1065 1839 omni
1094 1775 1230 1853 macida,

261 1906 295 1962 et
316 1899 470 1965 idoneum
491 1920 545 1963 me
566 1899 617 1963 fac
639 1898 681 1963 ad
701 1898 967 1964 annunciandum
989 1900 1120 1965 oracula
1141 1900 1219 1964 Tua.

175 2028 325 2108 Domine,
342 2029 429 2114 aperi
450 2029 536 2094 labia
554 2049 637 2109 mea,
653 2034 687 2094 et
704 2050 741 2095 os
754 2051 863 2095 meum
878 2029 1090 2095 annunciabit
1103 2028 1233 2095 laudem

263 2157 376 2221 Tuam.
424 2157 525 2240 [Pscl.
549 2157 583 2221 li
608 2156 677 2240 la]

175 2281 325 2362 Domine,
341 2283 372 2347 0
395 2282 545 2362 Domine,
561 2282 603 2346 da
624 2282 705 2347 mihi
723 2283 869 2368 linguam
887 2283 1057 2367 eruditam,
1072 2290 1111 2350 ut
1132 2285 1232 2350 sciam

263 2410 356 2496 quale
377 2410 511 2476 verbum
534 2417 662 2496 oportet
683 2433 735 2478 me
764 2411 853 2497 loqui
863 2437 875 2492 ς
897 2418 932 2477 et
954 2412 1069 2497 siquod
1098 2412 1233 2479 verbum

263 2538 305 2603 ad
324 2537 569 2603 adificafionem
589 2539 800 2620 necessitatis,
815 2546 853 2605 ut
868 2539 925 2605 des
939 2540 1078 2625 51011011
1100 2542 1232 2607 audien·
1321 2539 1324 2545 ’

263 2666 364 2731 tibus.
411 2666 514 2750 [10.].
538 2670 569 2731 4.
615 2667 698 2749 Epa
722 2667 765 2732 iv.
787 2669 855 2754 29.]

176 2795 282 2858 Detur
304 2793 385 2857 mibi
407 2814 512 2860 sermo
533 2794 571 2858 in
592 2794 758 2879 opertione
780 2797 856 2862 oris.
903 2796 1000 2882 [pr.
1022 2797 1062 2863 vi.
1090 2797 1153 2883 l9.]

176 2921 287 2986 Dilato
309 2943 345 2986 os
367 2943 488 3002 meum,
511 2923 672 2989 Domine:
696 2925 746 2989 uu
768 2925 876 3009 impla.
917 2925 1020 3010 [Prot.
1042 2927 1138 2993 lm'u
1163 2925 1230 3012 10.]

498 3170 556 3233 Ad
579 3170 695 3253 Templi
716 3172 899 3256 inpressum.

175 3307 249 3389 Ego
269 3304 307 3368 in
327 3303 539 3370 multitudino
560 3305 785 3372 misericordia
807 3309 885 3373 Tuae

263 3432 413 3498 accedam
435 3432 476 3497 ad
499 3432 631 3498 domum
653 3435 765 3507 1111111.

175 3558 327 3629 Adorabo
349 3558 391 3623 ad
413 3565 561 3623 sanctum
583 3559 690 3623 Tuum
711 3559 882 3644 Templum

261 3687 298 3751 in
318 3685 435 3750 timore
456 3684 529 3750 nui.
576 3685 679 3769 [Prot.
700 3707 730 3750 v.
755 3684 800 3768 7.]

175 3813 311 3894 Exaudi,
334 3812 485 3892 Domine,
507 3833 618 3878 vocem
640 3812 793 3877 orationis
814 3833 896 3878 mem

306 3943 343 4006 in
364 3948 510 4025 tempore
532 3961 595 4024 quo
617 3960 730 4025 precor
751 3939 793 4004 ad
815 3940 871 4020 Te,

262 4075 296 4135 et
317 4069 430 4135 attollo
451 4090 567 4135 manns
590 4089 679 4133 meos
700 4067 742 4132 ad
764 4072 914 4131 sanctum

349 4197 456 4295 Tuum
478 4195 657 4293 Templum.
704 4194 805 4281 [Prot.
830 4191 937 4257 xxviii.
960 4191 1008 4277 2.]

179 4323 369 4408 Suscipiam,
392 4320 543 4404 Domine,
565 4320 818 4389 misericordiam
839 4321 942 4387 duam
