2910 5002
201 420 266 481 240
482 420 621 484 ΕΤΧΑΙ
646 423 987 498 ΚΑΘΗΜΕΡΙΝΑΙ.

375 585 429 649 καὶ
452 586 618 673 σωτηρίων
639 588 825 674 μυστηρίων

370 745 373 751 ’
460 715 516 777 τοῦ
538 714 700 795 πανωγίου
723 714 882 797 σώματος,

547 843 601 906 καὶ
623 846 678 907 τοῦ
701 843 807 925 τιμίου
828 842 962 927 αἵματός
984 872 1055 912 σου.

288 966 451 1055 Πρόσχες,
476 967 588 1055 Κύριε,
611 967 628 1032 ὁ
652 969 734 1038 Θεὸς
755 967 854 1052 ἡμῶν,

461 1095 498 1177 ἐξ
518 1093 616 1178 ἁγίου
637 1097 890 1184 κατοικητηρίου,

288 1219 342 1285 καὶ
364 1219 429 1285 ἀπό
453 1220 566 1306 θρόνου
588 1220 681 1304 δόξης
704 1226 761 1303 τῆς
781 1223 955 1302 βασιλείας
978 1251 1048 1305 σου,

461 1349 516 1414 καὶ
539 1349 615 1413 ἐλθὲ
637 1349 681 1420 εἰς
702 1351 739 1415 τό
763 1350 902 1433 ἁγιάσαι
922 1350 1014 1434 ἡμᾶς.

198 1476 241 1542 ‘0
265 1476 330 1541 ἀνω
353 1480 399 1564 τῷ
420 1478 529 1564 Πατρὶ
551 1477 792 1561 συηκαθήμενος

286 1605 340 1670 καὶ
362 1604 421 1670 ὦδε
442 1605 520 1686 ἡμῖν
542 1604 686 1693 ἀοράτως
709 1606 825 1685 σννιόν,

199 1731 274 1796 ἐλθὲ
296 1731 340 1803 είς
361 1733 397 1798 τό
420 1731 557 1814 ἀηιόσαι
580 1733 622 1798 τὰ
642 1734 838 1820 προκείμενα
859 1732 956 1821 δῶρα,

287 1859 342 1924 καὶ
363 1859 445 1947 ὑπὲρ
468 1860 520 1940 ὧν,
544 1860 598 1924 καὶ
620 1859 659 1925 δι’
683 1859 736 1942 ὧν,
760 1863 814 1926 καὶ
836 1859 886 1947 ἐφ’
909 1859 957 1930 οἷς

373 1987 654 2072 προσκομίζονται.

201 2111 269 2176 Καὶ
291 2111 343 2182 δός
364 2112 441 2195 ἡμῖν
463 2114 631 2181 κοινωνίαν

305 2240 420 2306 πίστιν
441 2240 710 2330 ἀκαταίσχυντον,

304 2367 436 2450 ἀγάπην
458 2368 679 2456 ἀνυπόκριτον,

304 2497 514 2583 περιποίησιν
536 2502 599 2562 τῶν
622 2499 768 2571 ἐντολῶν,

305 2626 407 2710 νῆψιν
428 2623 548 2692 παντὸς
569 2626 693 2710 καρποῦ
715 2627 943 2705 πνευματικοῦ,

305 2750 495 2837 ἀποτροπὴν
516 2750 636 2820 παντὸς
658 2750 810 2826 ἐναντίον,

306 2881 394 2944 ἴασιν
415 2882 471 2961 τῆς
492 2881 608 2966 ψυχῆς
630 2879 684 2944 καὶ
706 2881 762 2944 τοῦ
785 2878 942 2961 σώματος,

305 3006 474 3088 σύμβολον
495 3011 552 3089 τῆς
573 3006 744 3090 συνόξεως,

304 3129 506 3212 μνημόσυνον
528 3135 583 3212 τῆς
606 3131 809 3214 Οἰκονομίας,

234 3270 242 3293 ’
306 3264 523 3338 καταηηελίαν
544 3261 599 3322 τοῦ
622 3256 770 3330 θανάτου,

305 3385 468 3449 κοινωνίαν
490 3383 637 3463 σώματος
659 3383 713 3447 καὶ
735 3381 878 3463 αἵματος,

302 3511 443 3599 μετοχὴν
465 3511 520 3573 τοῦ
542 3506 729 3590 πνεύματος,

303 3640 422 3727 ἄφεσιν
446 3636 619 3724 ἁμαρτιῶν,

302 3768 522 3853 ἀποτρόπαιον
545 3764 704 3843 ἐναντίοιν,

301 3897 486 3964 ἀνάπαυσιν
507 3898 565 3977 τῆς
587 3891 807 3971 συνειδήσεως,

301 4026 477 4111 ἐξάλειψιν
498 4023 645 4109 όφειλῶν,

300 4151 500 4240 καθαρισμὸν
521 4147 670 4229 κηλίδων,

300 4282 387 4346 ίασιν
409 4281 471 4343 τῶν
493 4273 587 4362 ἀρρον
605 4273 681 4337 τιῶν
702 4271 757 4349 τῆς
779 4268 904 4354 ψυχῆς,
