2910 5002
254 418 318 483 164
532 414 670 480 ΕΤΧΑΙ
695 415 1034 483 ΚΑΘΗΜΕΡΙΝΑΙ.
1150 451 1153 457 ·

344 588 400 654 καὶ
420 586 589 671 μετανοίας
611 587 654 658 εἰς
678 587 764 669 ζωὴν,

258 717 325 784 Καὶ
346 717 380 782 ἐν
401 715 596 804 πληρώματι
618 718 681 781 τῶν
703 718 822 800 καιρῶν

343 844 481 931 πέμψας
502 843 598 909 αὐτὸν
619 843 675 909 τὸν
695 843 841 930 Χριστόν
863 869 933 917 σου,

246 973 356 1039 Ὥστε
377 972 663 1056 ἐπιλαμβάνεσθαι
685 977 740 1038 τοῦ
762 971 946 1058 σπέρματος
967 975 1023 1038 τοῦ
1044 960 1207 1060 Ἀβραάμ,

343 1102 399 1166 καὶ
421 1103 455 1166 ἐν
476 1105 515 1186 τῇ
536 1104 711 1188 προσφορᾷ
733 1105 789 1183 τῆς
813 1104 891 1183 ζωῆς

254 1227 513 1316 Ἀναπληρῶσαι
535 1229 593 1307 τὴν
615 1227 759 1308 ὑπακοὴν
779 1231 836 1293 τοῦ
858 1227 964 1310 νόμου,

343 1354 377 1420 ἔν
398 1382 434 1421 τε
455 1359 495 1440 τῇ
514 1355 613 1443 θυσία
634 1358 690 1420 τοῦ
713 1351 851 1420 θανάτου

255 1479 442 1563 Ἀνενέγκαι
463 1480 522 1562 τὴν
544 1478 687 1567 κατάραν
709 1478 815 1555 αὐτοῦ,

343 1607 377 1673 ἔν
397 1634 433 1673 τε
455 1612 500 1696 τῷ
523 1605 650 1692 θανάτῳ
672 1605 769 1672 αὐτοῦ

256 1733 507 1823 Ἀπολυτρῶσαι
528 1734 584 1799 τὸν
606 1733 736 1816 κόσμον,

344 1864 399 1929 καὶ
420 1864 454 1929 ἐν
476 1867 515 1948 τῇ
538 1861 717 1928 ἀναστάσει
739 1861 835 1927 αὐτοῦ

432 1993 626 2072 ζωοποιῆσαι
646 1988 752 2054 αὐτόν·

549 2117 591 2183 Ὁ
613 2117 719 2184 πάντα
741 2121 850 2191 ποιῶν,

258 2247 343 2313 ὥστε
364 2246 401 2313 τὸ
423 2246 513 2329 γε’νος
534 2245 625 2329 ἡμῶν
647 2247 862 2329 ἐπαναγαγεῖν
883 2247 928 2316 είς
949 2273 998 2322 σε,

343 2378 399 2457 τῆς
420 2400 457 2439 τε
479 2373 564 2444 θείας
585 2400 647 2438 σου
670 2373 795 2460 φάσεως
817 2374 871 2438 καί
892 2378 949 2457 τῆς
970 2373 1099 2442 αἰωνίου
1120 2373 1211 2458 δόξης

431 2498 581 2568 κοινωνὸν
602 2499 763 2585 γενέσθαι·

255 2628 298 2695 ‘O
322 2630 646 2719 συνεπιμαρτυρήσας
668 2633 709 2714 τῇ
732 2629 869 2719 ἀληθεία

431 2763 487 2824 τοῦ
510 2758 703 2841 εὐαγγελίου
725 2784 795 2832 σου,

302 2886 335 2950 ἐν
355 2891 496 2956 πολλαῖς
517 2886 572 2951 καὶ
593 2885 759 2954 ποικίλαις
783 2883 946 2967 δυνάμεσι·

259 3011 317 3078 Ἐν
337 3019 377 3098 τῇ
400 3011 583 3098 άειμνήστιρ
606 3012 795 3099 ἀναστροφῇ
817 3015 880 3078 τῶν
982 3063 985 3069 .

474 3140 575 3223 ἁγίων
596 3166 665 3215 σου,

261 3270 295 3334 ἐν
317 3268 476 3356 ὑπερφυεῖ
496 3267 639 3353 ὑπομονῇ
661 3271 724 3333 τῶν
744 3267 909 3348 βασάνων,

261 3397 295 3461 ἐν
316 3400 357 3480 τῇ
378 3395 636 3484 ὑπερθαυμαστῷ
658 3382 840 3480 ἐπιστροφῇ

345 3522 423 3604 άλης
444 3527 502 3606 τῆς
523 3521 713 3605 οἰκουμένης,

434 3651 477 3722 εἰς
499 3650 643 3733 ὑπακοήν
664 3652 720 3732 τῆς
741 3649 889 3722 πίστεως,
948 3705 951 3708 ⁴

348 3777 425 3843 ἄνευ
446 3777 590 3866 κράτους,
613 3775 753 3851 πειθοῦς,
774 3775 861 3857 βίας,

261 3903 489 3987 Εὖλογηθήτω,
513 3904 726 3986 ε’παινηθήτω,
749 3902 965 3987 άνυμνηθήτω,

304 4031 544 4115 μεγαλυνθήτω,
567 4031 822 4118 ὑπερυφωθήτω,
844 4029 1043 4113 δοξασθὴτω,

522 4159 711 4242 ἁγιασθήτω

478 4287 515 4354 τὸ
535 4288 637 4371 ὄνομα
659 4288 725 4360 σὸν,
