2910 5002
277 441 342 503 280
549 439 717 504 cuncus
742 440 1100 513 ouosrurlurn„
1224 392 1227 397 ¹

659 920 954 985 DEPRECA'PIO.

708 1089 759 1151 Ne
775 1089 906 1169 perdas.

278 1267 435 1345 INTENDE,
461 1265 610 1343 Domine,
636 1266 725 1327 Deus
747 1269 868 1342 noster,
892 1284 932 1327 en
954 1263 1084 1328 sublimi

321 1393 504 1458 habitaculo
517 1393 597 1470 ltro,
609 1399 642 1454 et
657 1391 697 1454 de
712 1391 831 1454 throno
846 1391 955 1474 gloriae
970 1391 1063 1474 regni
1074 1391 1144 1456 Tui.
1179 1391 1238 1477 [Ic.
1248 1394 1327 1460 lxiii.
1340 1396 1409 1482 lu]

279 1520 345 1586 Qui
367 1520 432 1583 alta
452 1517 588 1596 habitas,
612 1522 645 1580 et
667 1515 803 1580 humilia
824 1517 963 1600 respicis,
1008 1519 1097 1583 Paul.
1120 1519 1204 1583 cxiii.
1228 1523 1258 1585 5.

363 1645 513 1724 Intende,
536 1652 569 1709 et
589 1665 631 1708 ne
654 1644 826 1727 disperdas,
850 1645 1000 1709 Domine.

451 1756 539 1823 Quin
559 1756 661 1820 libera
681 1777 741 1820 nos
763 1777 783 1819 a
803 1756 898 1820 malo.

276 1885 329 1949 Ab
352 1883 440 1948 omni
462 1884 546 1947 malo
568 1890 601 1947 et
622 1882 800 1948 infortunio

837 2009 956 2074 Libera
977 2031 1045 2075 nos.

279 2137 370 2202 Sicut
391 2138 549 2220 p1ioribus
572 2138 697 2203 saeculis
719 2139 832 2202 Patres
854 2143 991 2216 nostros,
1041 2139 1143 2223 [Paul.
1167 2140 1240 2205 xliv.
1266 2139 1312 2223 1.]

836 2264 955 2329 Libera
976 2285 1045 2329 nos.

276 2391 338 2454 Per
360 2390 571 2473 quodcunque
593 2390 666 2454 'libi
688 2390 781 2454 dulce
803 2397 860 2454 aut
882 2391 1024 2469 charum,

835 2517 953 2582 Libera
973 2539 1042 2582 nos.

275 2646 318 2708 In
340 2646 430 2709 omni
453 2646 602 2728 angustia
623 2652 742 2724 nostra,

833 2772 950 2836 Libera
970 2792 1039 2836 nos.

274 2898 304 2960 A
326 2898 419 2960 malis
440 2898 541 2961 futuri
564 2899 680 2976 saeculi,

360 3025 400 3089 ab
421 3024 469 3087 ira
491 3026 569 3102 Tua,

447 3152 503 3215 sed
523 3152 626 3233 magis

272 3281 304 3343 A
326 3281 396 3343 'Puo
417 3301 483 3343 non
504 3279 607 3357 nasu,
746 3240 753 3255 .

315 3407 369 3471 Ab
391 3413 511 3471 aeterna
533 3406 747 3483 damnatione,

272 3536 303 3599 A
324 3536 500 3600 terroribus
522 3535 671 3599 omnibus
693 3532 801 3597 saeculi
822 3536 959 3612 venturi,

271 3664 302 3725 A
322 3664 416 3727 vultu
438 3663 560 3726 Judiois
581 3661 677 3740 tristi,
722 3663 819 3743 Apoc.
843 3661 883 3724 vi.
909 3664 958 3724 16.

270 3791 303 3853 Α
324 3790 530 3854 collocatione
553 3811 572 3854 a
594 3789 741 3866 sinistris,
786 3788 883 3852 Mart.
907 3810 977 3852 xxv.
1001 3789 1074 3867 33„

271 3917 323 3982 Ab
346 3918 508 3981 auditione
530 3918 615 3982 vocis
637 3917 804 3982 horrendae
825 3924 857 3979 et
879 3916 1065 3994 tremendae,

443 4046 606 4111 Discedite
629 4066 648 4109 a
671 4045 738 4107 Me.
792 4047 878 4107 Vero.
901 4047 954 4108 41.

269 4173 323 4237 Ab
345 4171 499 4255 ejectione
520 4172 556 4232 in
576 4171 727 4236 tenebras
750 4171 930 4249 exteriores,
975 4172 1073 4235 Matr.
1096 4169 1159 4235 viii.
1185 4172 1236 4234 12.

267 4302 298 4364 A
320 4301 456 4364 vinculis
479 4299 608 4364 aeternis
631 4300 692 4363 sub
715 4300 863 4382 caligine,
908 4300 981 4363 Juu.
1006 4303 1037 4363 6.
