2910 5002
464 428 636 494 Plancus
659 427 977 495 QUOTIDIANAE.
1207 431 1250 496 37

237 602 285 667 Et
306 621 378 686 quae
398 600 522 666 utilitas
542 601 578 664 in
599 600 779 685 perditione
800 602 898 665 meat
943 603 1031 666 Paul.
1055 624 1126 666 xxx.
1149 605 1181 666 9.

238 727 459 794 Exsultabnnt
480 727 591 792 hostes
612 727 672 792 tui.
718 730 806 792 Paul.
829 750 922 794 xxxv.
947 733 999 796 19.

284 859 315 923 0
336 878 503 940 nunquam
524 857 680 935 exultent,
704 857 865 921 Domine!

240 987 296 1051 Ne
318 984 375 1050 des
395 985 522 1049 urinam
544 1005 649 1048 meam

284 1114 328 1177 In
349 1112 596 1177 exsultationem
617 1112 763 1177 hostibus
785 1112 860 1175 tuis.
906 1113 995 1176 Paul.
1018 1113 1145 1178 xxxviii.
1170 1117 1222 1179 16.

197 1241 335 1325 Respioe
356 1241 393 1305 in
412 1239 528 1304 faeiem
550 1240 671 1304 Christi
693 1240 752 1304 tui.
797 1241 885 1304 Psol.
908 1241 1023 1305 lxxxiv.
1046 1243 1078 1305 9.

242 1369 287 1432 Et
307 1368 344 1432 in
365 1367 521 1451 sangnine
542 1367 740 1431 Testamenti
760 1367 821 1446 tni,
865 1367 958 1431 Zecb.
981 1368 1023 1431 ix.
1048 1371 1100 1433 11.

244 1496 288 1559 In
307 1493 535 1578 propitiatione
557 1493 659 1556 totius
680 1493 804 1572 mundi,
834 1492 867 1555 -1
892 1493 963 1557 Joh.
986 1494 1020 1557 ii.
1043 1498 1075 1558 2.

198 1621 341 1687 Domine
363 1620 537 1705 propitiare
559 1620 641 1684 mihi
661 1619 829 1703 peccatori,
873 1620 950 1685 Luc.
974 1621 1060 1686 xviii
1085 1624 1137 1688 le.

243 1746 422 1831 Propitiare
443 1746 534 1826 mihi,
558 1745 710 1824 Domine,
732 1754 936 1831 peecatorum

287 1875 406 1954 Primo,
428 1874 565 1959 principi
586 1882 620 1939 et
641 1875 792 1940 maximo.
842 1876 875 1960 [l
903 1878 981 1942 lim.
1004 1879 1026 1942 i.
1052 1879 1118 1962 1⁶.]

200 2004 335 2086 Propter
355 2022 475 2065 nomen
496 2008 590 2064 tuum
612 2001 710 2064 etiam
732 2002 904 2086 propitiare

245 2131 382 2194 Peoeato
402 2149 495 2193 meo:
519 2129 660 2193 multum
682 2137 731 2193 est
753 2130 860 2194 enim:
906 2132 994 2196 Psal.
1018 2154 1089 2196 xxv.
1115 2136 1165 2197 ll.

288 2259 348 2322 Est
369 2257 464 2342 plane
485 2256 670 2340 plurimum.

201 2387 338 2469 Propter
358 2405 478 2448 nomen
501 2391 595 2447 tunm
616 2383 708 2461 illud,

246 2513 347 2578 Extra
368 2511 453 2594 quod
475 2531 543 2574 non
566 2510 655 2574 aliud
675 2531 795 2575 nomen
818 2518 868 2575 est

290 2640 358 2703 Sub
379 2638 461 2703 eoelo
484 2637 596 2701 datum
618 2637 813 2716 hominibus,

330 2765 372 2828 In
394 2784 458 2848 quo
480 2768 628 2847 oporteat
650 2786 709 2828 nos
732 2765 835 2830 salvos
857 2765 936 2830 fieri.
982 2766 1056 2830 Act.
1079 2766 1120 2830 iv.
1146 2769 1196 2830 12.

202 2892 387 2977 Adjuvsnte
407 2892 477 2975 ipso
500 2892 624 2975 Spiritu

376 3017 607 3082 Infirmitatem
629 3026 782 3097 nostram,

247 3147 293 3210 Et
313 3145 499 3230 postulante
521 3166 578 3228 pro
602 3145 695 3210 nobis

291 3272 474 3337 Gemitibus
497 3273 773 3353 inenarrabilibus,
821 3276 907 3340 Rom.
930 3276 994 3340 viii.
1018 3278 1071 3340 26.

248 3401 385 3486 Propter
407 3401 514 3465 Patris
537 3407 672 3484 paterna
693 3402 825 3481 viscera,

378 3528 451 3592 Filii
473 3536 607 3593 eruenta
629 3530 773 3608 vulnera,

380 3655 518 3739 Spiritus
541 3657 681 3740 gemitus
703 3656 943 3736 inenarrabiles,

205 3780 332 3844 Exaudi
354 3782 504 3862 Domine,
527 3784 687 3867 propitius
709 3792 779 3848 esto
802 3783 952 3860 Domine,

249 3909 388 3974 Intende
411 3911 560 3989 Domine,
583 3911 643 3990 fao,
667 3918 700 3975 et
721 3933 763 3976 ne
785 3911 919 3976 moreris

423 4039 557 4121 Propter
579 4038 730 4123 Teipsum
773 4042 856 4103 Dan.
881 4040 924 4104 ix.
951 4042 1000 4102 19.

295 4164 446 4244 Domine,
471 4166 622 4244 Domine,
646 4167 735 4230 Deus
756 4168 812 4230 mi.

211 4291 283 4374 Ego
305 4299 415 4356 autem
437 4314 503 4357 non
526 4293 695 4359 obliviscor
716 4301 920 4377 peecatorum
942 4316 1086 4360 meorum
1097 4321 1106 4372 ,-
