2910 5002
470 334 641 399 munus
666 331 987 401 QUO'PIDIANAE.
1218 331 1259 393 66

201 504 325 569 Eorum
348 506 403 588 qui
424 506 461 569 in
482 505 634 571 custodiis
655 513 733 569 sunt
754 512 811 567 aut
833 503 977 580 vineolis,

201 633 305 697 Morti
328 633 540 712 addictorum,

200 758 439 843 orphanorum,

199 886 393 965 viduarum,

200 1014 460 1098 Peregrinorum,

200 1141 440 1219 Itineiantium,

199 1266 444 1350 Navigantium,

201 1394 425 1473 Gravidarum,

124 1596 131 1607 ι
202 1517 419 1595 Lactantmm,

200 1644 267 1709 Qui
289 1644 404 1708 duram
426 1645 616 1708 servitutem
638 1644 791 1719 serviunt,

200 1770 435 1835 Damnatorum
458 1770 503 1833 ad·
520 1770 661 1847 metalla,

104 1884 107 1888 ⁵
198 1896 377 1961 Affixorum
398 1916 498 1973 remo,

197 2023 375 2103 Agentium
396 2024 432 2085 in
454 2024 600 2089 Desoito.

199 2272 358 2349 Homines
380 2281 413 2337 et
432 2275 583 2356 jumenta
604 2273 749 2351 salvabis,
775 2273 924 2339 Domine.

202 2397 484 2465 Quemadmodum
491 2399 718 2482 multiplicasti
728 2399 979 2462 misericordiam
989 2406 1090 2476 tuom,
1102 2401 1132 2461 Ο
1144 2400 1231 2463 Deus
1243 2400 1250 2461 Ι

199 2525 360 2592 Quocirca
380 2525 440 2589 filii
463 2525 632 2595 hominum
653 2526 688 2591 in
708 2525 851 2608 tegmine

241 2651 375 2715 Alamm
398 2660 529 2721 tuarum
550 2652 739 2735 sperabunt.
791 2653 893 2735 [Psat.
918 2653 1022 2716 xxxvi.
1044 2653 1077 2730 6,
1101 2652 1147 2734 7.]

371 2779 547 2843 Benedicat
569 2779 661 2842 nobis
684 2779 854 2855 Dominus,

503 2914 536 2969 et
559 2905 719 2971 custodiat
742 2928 810 2969 nos.

285 3029 446 3094 Ostendet
467 3031 628 3096 Dominus
649 3031 764 3097 faeiem
784 3053 877 3096 snam
899 3032 1002 3110 nobis,

458 3165 492 3221 et
513 3159 701 3222 misereatur
723 3161 834 3223 nostri.

370 3283 511 3347 Attollat
534 3285 693 3349 Dominus
709 3287 833 3351 vultum
856 3308 959 3362 suum,

457 3419 490 3475 et
505 3411 560 3475 det
574 3413 666 3477 nobis
683 3414 808 3478 Pacem.
854 3414 947 3477 Num.
963 3413 1005 3476 vi.
1022 3416 1074 3489 24,
1096 3413 1162 3495 [25,
1179 3412 1247 3493 26]

415 3659 694 3737 commumoni,
719 3661 872 3736 Domine,

197 3782 363 3860 Animam,
704 3783 707 3787 ’
723 3789 857 3869 Corpus,

198 3908 357 3987 Mentem,
724 3911 953 3995 Cogitationes,

197 4036 376 4114 Orationes,
604 4050 638 4105 ot
725 4041 812 4105 Vota
832 4042 950 4118 omnio,

200 4162 331 4240 Sensus,
725 4169 883 4245 Membra,

199 4290 309 4352 Vitam
332 4313 447 4370 meam,
725 4296 867 4357 Mortem
889 4317 1012 4369 meam;

244 4430 302 4464 nun.
320 4430 417 4465 autom
885 4438 904 4482 Κ
