2910 5002
319 1150 1058 1257 LECTORI

445 1417 927 1497 CHRISTIANO.

181 1777 233 1839 Da
261 1797 386 1839 summa
416 1775 546 1857 quidem
575 1776 761 1837 Lancswn
785 1775 1031 1839 Wmmrrmms
1057 1775 1237 1841 eruditione

137 1923 175 1967 aa
204 1902 358 1986 sapientia
389 1901 571 1986 praeclarius
599 1909 658 1979 est,
690 1902 733 1963 mi
764 1903 886 1981 Frater,
918 1925 1016 1985 quam
1051 1913 1089 1967 ut
1126 1904 1236 1969 sedulo

137 2029 260 2093 dimm:
290 2029 394 2093 multo
423 2037 535 2092 tamen
564 2027 728 2091 medonem
757 2029 826 2111 ejus
854 2027 928 2092 Viri
956 2029 1076 2093 samam
1103 2031 1173 2113 jam
1198 2052 1237 2095 ex

137 2157 256 2239 pietate
278 2157 364 2239 apud
389 2165 421 2220 te
446 2155 575 2240 probari
604 2156 707 2231 malo;
739 2176 838 2239 eaque
863 2157 901 2221 in
927 2178 1025 2222 causa
1052 2158 1148 2222 breve
1176 2159 1238 2224 hoe

137 2281 347 2348 Euchiridion
376 2290 426 2346 tot
455 2281 544 2346 libris
574 2281 766 2359 Andreanis,
797 2284 852 2366 qui
881 2284 917 2347 in
952 2306 1068 2348 manus
1101 2285 1237 2350 Theolo-

138 2431 251 2493 gornm
277 2410 399 2474 dudum
422 2419 589 2488 venerunt,
614 2431 804 2493 componere
826 2412 920 2495 juxta
945 2413 995 2476 vel
1020 2412 1117 2476 etiam
1147 2418 1238 2476 ante·

138 2536 221 2600 ferre
250 2537 359 2600 nullus
384 2537 507 2600 dubito.
569 2537 705 2619 Reliqua
727 2536 799 2599 ideo
827 2537 921 2600 istius
949 2537 1098 2601 Praesnlis
1121 2538 1239 2621 scripta

138 2664 294 2728 aestimare
308 2665 425 2748 magni,
441 2672 479 2728 ut
500 2665 645 2728 seeultrm
665 2670 814 2728 nostrum
834 2664 929 2747 plane
952 2673 1047 2744 amat,
1064 2674 1097 2730 et
1118 2665 1237 2731 collau·

138 2793 213 2856 dare
241 2792 324 2857 forte
353 2795 456 2858 soles:
495 2794 558 2857 sed.
587 2802 697 2857 tamen
730 2794 792 2858 hoe
821 2794 928 2877 potius
957 2802 990 2858 te
1019 2795 1082 2859 frui
1111 2796 1237 2874 vellem,

136 2921 198 2983 hoe
222 2920 410 2984 familiarius
435 2921 590 2999 lectitare,
617 2943 679 3004 quo
705 2941 778 2984 vere
802 2920 1018 2986 Christianam
1045 2928 1078 2984 et
1108 2929 1236 2986 aeternoe

71 3046 74 3051 ’
138 3046 332 3110 simillimam
360 3048 460 3110 vitam
490 3047 605 3112 amodo
634 3047 695 3111 tibi
723 3046 860 3110 formare
889 3046 1018 3130 poteris.
1069 3047 1237 3131 Siquidem

138 3175 284 3238 aureolus
297 3174 352 3238 hie
367 3174 464 3238 Liber
478 3175 518 3239 de
535 3174 711 3239 Sententiis
734 3173 877 3253 Biblieis,
894 3181 989 3258 atque
1007 3195 1047 3238 ex
1067 3174 1236 3260 Litargiis,

139 3300 264 3383 quaein
286 3301 437 3364 Ecclesiis
461 3302 647 3366 Graecorum
671 3301 792 3379 Jacobi,
817 3301 938 3380 Basilii,
961 3307 994 3365 et
1017 3301 1237 3385 Chrysostomi

139 3435 250 3492 sancta
266 3429 399 3492 nomina
416 3428 600 3511 praeferunt,
616 3436 739 3513 partem
759 3429 862 3492 multo
881 3429 1054 3492 maximam
1069 3428 1236 3493 conflatur.

139 3557 193 3620 Ita
206 3556 315 3620 nullus
330 3557 375 3621 ibi
395 3557 549 3622 haereseos
568 3565 684 3634 metus,
700 3556 789 3619 nulla
810 3556 897 3639 pravi
912 3555 1071 3639 dogmatis
1091 3557 1236 3641 suspicio,

140 3685 218 3767 quin
243 3685 386 3769 perlegas
411 3693 538 3764 cuncta,
563 3707 600 3749 aa
625 3706 733 3750 coram
757 3684 843 3748 bono
869 3685 940 3749 Deo
968 3684 1084 3748 millies
1113 3695 1237 3770 repetas

104 3814 230 3895 ,quasi
259 3821 325 3877 tua.
371 3814 467 3879 Unde
497 3823 605 3878 autem
634 3821 701 3876 tam
728 3813 837 3876 efficax
860 3812 920 3875 tibi
949 3810 1080 3876 obvenit
1108 3813 1238 3896 pietatis

139 3948 375 4023 argumentum,
401 3943 528 4005 nescius
551 3963 593 4005 ne
620 3941 684 4004 sis:
717 3940 948 4024 Apographum
975 3941 1125 4004 Graecum
1151 3943 1237 4023 quod
1372 4026 1375 4031 Ι

141 4067 272 4130 Samuel
296 4065 427 4150 Wright
453 4068 572 4150 optimo
596 4066 747 4131 Antistiti
771 4088 790 4129 a
813 4065 942 4131 Chattis
965 4087 1064 4130 manu
1088 4087 1145 4130 sua
1167 4087 1238 4149 per-

141 4193 280 4276 eleganti
312 4194 504 4278 jampridem
535 4195 751 4279 descripserat,
782 4205 852 4258 tum
891 4195 1008 4258 Latina
1037 4216 1102 4258 non
1140 4215 1239 4278 pauca
