2910 5002
469 452 641 518 PRECES
666 453 992 521 QUOTIDIANAE.
1193 456 1259 520 209

416 1113 646 1177 HOSANNA
667 1113 720 1176 IN
743 1112 975 1177 EXCELSIS.

245 1296 414 1359 MmNTo
435 1297 510 1374 mei,
533 1297 682 1377 Domine,

286 1423 322 1486 in
343 1422 544 1506 beneplacito
565 1424 674 1508 populi
695 1425 754 1503 tui,

200 1549 306 1613 visita
326 1572 378 1614 me
400 1552 435 1613 in
456 1552 589 1615 salutari
610 1560 678 1630 tuo,

242 1677 295 1741 Ad
316 1677 490 1741 videndum
512 1679 547 1741 in
569 1678 714 1744 bonitate
736 1680 923 1745 Electorum
944 1687 1086 1758 tuorum,

283 1805 336 1868 Ad
358 1805 532 1869 laetandum
555 1807 591 1869 in
612 1807 725 1871 laetitia
746 1809 852 1891 gentis
873 1816 949 1888 tuae,

325 1934 379 1998 Ad
389 1933 586 1997 laudandum
597 1940 631 1999 te
642 1955 716 1998 cum
725 1935 913 2000 haereditate
924 1940 991 1999 tua.
1007 1934 1097 1997 Paul.
1110 1933 1169 1996 cvi.
1183 1933 1252 2009 4‚5.

197 2063 256 2124 Est
278 2068 386 2137 autem
409 2061 511 2144 gloria
531 2061 567 2124 in
588 2061 699 2125 iiituro
720 2061 902 2126 revelanda.
944 2062 966 2134 1
990 2059 1061 2124 Pet.
1084 2082 1114 2124 v.
1138 2058 1168 2121 1.

327 2190 412 2252 Sunt
434 2190 522 2253 enim
545 2191 600 2274 qui
621 2190 778 2255 venientis
800 2189 925 2255 Judicis

241 2317 380 2380 Vultum
402 2317 558 2382 videbunt
579 2319 726 2397 hilarem,
770 2319 841 2383 Job.
863 2317 972 2382 xxxiii.
996 2317 1050 2380 26.

198 2445 229 2509 Α
252 2444 372 2507 dextris
394 2444 647 2524 collocabuntur,

284 2571 429 2634 Audient
452 2569 673 2634 suavissimam
694 2591 815 2650 vocem,

327 2700 465 2777 Veline,
488 2700 678 2763 Bmmlcm.
728 2699 841 2784 [Mati.
863 2720 935 2762 xxv.
958 2699 1011 2777 33,
1034 2696 1104 2780 34.]

200 2828 380 2911 Rapientur
401 2829 436 2890 in
458 2848 626 2891 occursum
649 2825 783 2891 Domini

370 2957 405 3018 in
427 2955 578 3019 nubibus.
625 2957 642 3018 1
670 2957 774 3018 Tim.
797 2954 839 3017 iv.
863 2954 916 3017 1⁷.
1012 3019 1020 3026 ,

199 3083 376 3149 Intrabunt
397 3084 433 3146 in
455 3081 619 3166 gaudium,
663 3082 762 3145 Matt.
784 3102 856 3144 xxv.
880 3080 934 3145 21.

242 3215 405 3277 Fruentur
427 3212 496 3296 ejus
517 3211 646 3289 visione,

286 3343 419 3424 Semper
439 3359 514 3404 oum
537 3360 575 3403 eo
597 3338 702 3402 ermit.
748 3337 765 3401 1
793 3338 897 3402 sstem.
918 3336 959 3401 iv.
985 3335 1037 3400 1⁷.

201 3480 246 3543 Hi
269 3479 336 3557 soli,
359 3477 418 3541 soli
440 3482 516 3540 sunt
538 3475 574 3539 hi
595 3475 683 3540 beati

284 3607 320 3672 in
343 3605 416 3670 filiis
437 3605 617 3670 hominum.
842 3662 845 3667 .

200 3734 270 3798 Oh!
303 3734 355 3797 De
375 3733 457 3796 mihi
478 3732 592 3795 infimo
614 3731 722 3795 locum
744 3728 894 3792 infimum

285 3862 345 3926 sub
367 3860 464 3944 pedes
485 3859 615 3952 illerum
626 3881 635 3933 ;

201 3989 268 4053 Sub
290 3988 387 4072 pedes
409 3989 583 4053 electorum
605 3994 747 4063 tuorum,

287 4117 393 4180 infimi
415 4139 454 4180 ex
475 4116 549 4180 illis.

372 4321 468 4387 Quod
488 4328 526 4383 ut
548 4321 613 4399 fiat,

759 4448 779 4494 li
802 4449 821 4494 Ε
