2910 5002
427 421 597 486 PRECES
622 422 938 487 QUOTIDIANAE.
1168 423 1205 483 ll

155 584 319 667 Cogitatio
341 586 480 651 hominis
510 591 716 653 confitebitur
742 590 820 652 tibi:
856 599 889 652 et
917 589 1060 670 reliquiae
1086 587 1207 671 cogita-
1234 571 1240 582 ¹

199 712 296 776 tionis
312 714 397 778 diem
412 716 534 780 festum
549 727 646 801 agent
661 718 732 781 tibi.
778 719 865 780 Psol.
882 717 979 782 lxxvi.
997 717 1048 780 10.

759 845 945 910 secundum.

154 967 296 1032 Peccavi.
342 971 513 1036 Confiteor.
556 973 710 1037 Miserere
759 995 816 1056 per
830 979 863 1035 et
877 978 1016 1055 propter.

759 1100 851 1164 siout.

870 1248 935 1310 per.

868 1372 913 1412 ln.

156 1288 313 1369 Propono.
360 1288 513 1350 Infirmus
529 1309 609 1351 sum.
657 1290 719 1352 Fer
735 1237 856 1419 opem{

155 1475 270 1552 Credo,
286 1476 435 1554 Domine,
448 1476 563 1559 adjuva
578 1497 683 1539 meam
694 1475 926 1540 infidelitatem.
949 1477 1067 1560 [Marc.
1079 1477 1120 1540 ix.
1134 1477 1203 1558 ta]

118 1604 122 1610 ’
283 1601 419 1685 Adauge
434 1602 519 1685 quod
534 1602 614 1666 mihi
630 1610 678 1666 est
693 1603 846 1686 pusillum
862 1603 946 1666 fidei.

154 1731 199 1793 Et
213 1751 301 1794 nunc
315 1752 387 1813 quae
401 1739 450 1794 est
465 1732 645 1814 expectatio
660 1731 755 1794 mea?

225 1923 228 1926 .
370 1859 490 1922 Nonne
505 1859 568 1920 tu?

180 1985 241 2053 „Et
256 1984 436 2047 substantia
450 2006 523 2047 mea
537 1984 622 2067 apud
637 1992 669 2048 te
685 1993 742 2047 est.
795 1985 898 2067 [Psol.
915 1983 1019 2047 xxxix.
1037 1985 1083 2067 7.]

155 2112 273 2174 Revela
287 2110 395 2174 oculos
409 2131 507 2188 meos,

325 2244 358 2301 et
372 2237 560 2321 intelligam
609 2238 711 2323 [Paul.
729 2239 809 2303 cxix.
828 2237 894 2319 l8.]

154 2363 281 2426 Inclina
296 2384 483 2440 cormeum,
661 2365 755 2447 [Ibid.
771 2364 840 2446 36.]

328 2499 361 2553 et
376 2490 516 2573 diligam.

156 2617 268 2700 Dirige
283 2638 407 2700 gressus
421 2639 521 2696 meos,
665 2617 761 2701 [Ibid.
780 2617 868 2699 133]
975 2669 981 2684 .

241 2754 274 2809 et
288 2746 435 2810 incedam
450 2746 486 2808 in
499 2746 552 2809 via
566 2745 796 2809 Mandatorum
812 2752 952 2806 tuorum.

358 3066 606 3130 INTROI'FUS
629 3064 693 3128 AD
717 3062 1001 3127 ORATIONEM.
1058 3134 1063 3146 ⁶

522 3220 650 3281 Oremm
664 3220 842 3280 Dominum.

156 3377 184 3435 l.
209 3372 372 3436 Creatura.
610 3347 614 3354 ¹
681 3373 712 3432 3.
736 3367 893 3452 Episcopi.

208 3500 320 3562 Genus
334 3497 521 3560 humanum.
732 3493 925 3578 Presbyteri.

210 3623 336 3690 Quibus
350 3622 434 3685 male
449 3631 507 3685 est.
735 3621 858 3684 Clerus.

653 3717 656 3725 Ι
735 3746 875 3830 Populus
891 3745 1103 3811 Christianus.

152 3882 184 3941 2.
210 3878 382 3942 Catholica
735 3877 864 3939 Noster.

210 4003 393 4067 Orientalis.
680 4006 710 4063 4.
736 4002 875 4085 Imperia
891 4001 997 4064 Orbis.

210 4129 434 4193 Occidentalis.

210 4255 405 4319 Britannica.
737 4255 928 4319 Christiana.
