2910 5002
468 454 635 518 PRECES
661 453 979 518 QUOTIDIANAE.
1188 455 1251 520 297

285 629 341 685 aut
363 621 573 695 annunciabit
596 622 761 686 veritatem
785 624 912 686 Tuam?
958 625 1045 686 Paul.
1069 644 1142 686 xxx.
1165 626 1195 687 9.

200 749 362 816 Quoniam
384 771 451 814 non
475 751 580 842 estin
603 757 716 829 morte,
743 751 797 834 qui
819 772 945 815 memor
967 751 1009 814 sit
1031 751 1094 814 'rui
1105 777 1114 829 ;
1145 751 1180 814 in
1201 751 1252 815 iu·

240 877 342 957 ferm,
367 879 422 962 qui
445 877 652 942 confitebitur
674 878 756 942 'libi
803 879 889 941 Paal.
912 879 954 942 vi.
978 880 1008 941 5.

197 1005 355 1088 Nunquid
377 1005 512 1068 mortuis
534 1003 630 1068 facies
652 1003 833 1068 mirabilia?

243 1134 312 1198 Aut
326 1134 449 1198 mortui
465 1133 714 1212 suscitabuntur,
731 1140 764 1196 et
779 1135 1019 1199 confitebuntur
1033 1133 1132 1199 Tibi?
1162 1135 1250 1197 Paul.

283 1260 424 1324 lxxxviii.
443 1263 495 1325 10.

198 1389 357 1472 Nunquid
378 1390 523 1455 narrabit
546 1391 660 1474 aliquia
681 1392 717 1454 in
739 1393 884 1475 sepulcro

283 1517 534 1582 misericordiam
557 1519 671 1596 ham,
695 1525 728 1581 et
749 1519 920 1582 veritatem

370 1645 405 1708 in
426 1645 580 1728 pulvere?
633 1648 718 1711 Vera.
744 1649 794 1710 11.

197 1771 357 1856 Nunquid
379 1779 613 1856 cognoscentur
634 1772 670 1834 in
692 1771 834 1835 tenebris
856 1772 1017 1836 mirabilia
1038 1773 1116 1851 Tua,
1133 1778 1165 1836 et
1183 1774 1252 1857 jue·

239 1899 312 1963 titia
333 1899 402 1962 'ua
423 1899 459 1961 in
480 1904 566 1962 terra
588 1897 781 1963 oblivionis?
833 1900 918 1962 Vera.
944 1901 994 1962 12.

198 2028 283 2094 Quia
301 2048 369 2091 non
388 2025 533 2090 infernus
553 2027 761 2091 confitebitur
780 2026 862 2107 Tibi,
882 2048 987 2109 neque
1007 2046 1093 2090 mora
1110 2026 1253 2091 laudabit

238 2156 294 2219 Te.
335 2157 414 2219 Non
435 2155 658 2239 expectabunt,
683 2156 738 2238 qui
760 2154 961 2219 descendunt
983 2154 1018 2218 in
1039 2154 1155 2233 lacum,
1171 2154 1254 2219 veri·

281 2288 383 2346 tatem
406 2282 520 2346 Tuam.
565 2283 608 2347 Ia.
634 2282 761 2346 xxxviii
789 2282 839 2344 18.

196 2409 327 2487 Vivens,
351 2408 470 2486 vivona,
494 2409 560 2491 ipse
583 2407 788 2472 confitebitur
811 2406 892 2471 Tibi.
947 2410 1033 2473 Vero.
1058 2407 1108 2470 19.

610 2597 669 2682 [2.]
694 2598 839 2662 Frustra.

196 2726 355 2810 Nunquid
378 2747 458 2790 vane
484 2726 680 2790 constituisti
703 2746 815 2790 omnes
841 2726 923 2791 filios
946 2726 1139 2791 hominum?
1164 2728 1250 2796 Pace.

282 2854 399 2917 lxxxix.
422 2854 474 2916 46.

197 2983 251 3046 Ne
274 2983 376 3045 intres
398 2981 433 3044 in
458 2982 618 3066 judicium
640 3003 714 3046 cum
737 3004 826 3047 servo
848 2983 928 3061 Τιιο,
952 2982 1027 3066 qnia
1049 3004 1114 3048 non
1133 2983 1253 3068 justifi-

287 3110 413 3175 cabitur
436 3111 471 3174 in
493 3118 667 3195 conspectu
687 3113 757 3176 'luo

370 3241 475 3304 omnia
497 3241 615 3305 vivens.
662 3243 752 3306 Paul.
776 3241 872 3304 cxliii.
896 3243 927 3304 2.

200 3369 234 3431 Si
249 3367 436 3450 iniquitates
456 3368 682 3446 observaveris,
698 3369 847 3448 Domine,
865 3367 1013 3449 Domine,
1030 3369 1100 3454 quis
1116 3369 1254 3434 suatine-

283 3494 358 3558 bit?
404 3496 492 3557 Paul.
517 3516 606 3559 cxxx.
631 3499 663 3558 3.

174 3652 178 3661 =
200 3623 234 3685 Si
256 3622 394 3686 voluerit
418 3622 611 3687 contendere
633 3644 707 3687 cum
730 3645 778 3703 ee,
802 3645 869 3688 non
891 3625 1009 3708 poterit

283 3751 312 3814 ci
334 3752 525 3835 respondere
547 3774 651 3815 unum
673 3773 732 3837 pro
753 3752 852 3816 mille.
897 3751 967 3814 Job.
990 3753 1031 3815 ix
1056 3754 1085 3814 3.

511 3949 568 4033 [3.]
595 3949 782 4031 lbiamphuo
803 3949 945 4010 boatium.

198 4075 251 4138 Ne
274 4075 330 4138 dea
351 4074 574 4140 haereditatem
597 4078 700 4141 Tuam
722 4076 758 4139 in
779 4075 995 4160 opprobrium,

240 4209 277 4265 ut
300 4201 507 4266 dominentur
529 4204 559 4267 ei
582 4204 749 4268 Nationes.
797 4204 905 4269 Quare
926 4201 1039 4266 dicunt
1064 4203 1099 4266 in
1121 4204 1255 4287 populis,

284 4327 351 4391 Ubi
374 4335 422 4392 est
446 4330 536 4394 Deus
559 4332 698 4394 eorum?
748 4329 842 4413 [Joel.
866 4328 898 4393 ii.
925 4329 990 4412 lu]

244 4468 302 4504 aun.
319 4469 418 4507 ramas.
769 4473 826 4522 00
