2910 5002
458 447 625 509 PRDCES
651 443 967 516 QUOTIDIANAE·
1174 448 1238 509 259

185 608 269 672 Ecce
278 630 339 688 me,
351 611 500 692 Domine,
510 613 638 695 proprio
643 611 766 702 judicio
776 613 1037 690 condemnatum,
1058 613 1117 675 stt.
1126 612 1172 678 iii.
1186 615 1237 677 11.

186 734 280 813 Eece,
296 744 339 815 et,
355 738 550 817 O'Domine,
572 760 613 802 ne
633 739 734 803 intres
751 740 801 802 Tu
818 739 853 802 in
871 738 1030 823 judicium
1053 760 1127 802 cum
1149 760 1240 804 servo

272 868 340 926 tuo.
386 865 473 927 Psol.
498 865 593 928 cxliii.
617 866 648 928 2.

187 1111 230 1172 Et
252 1133 350 1190 nunc,
374 1114 524 1193 Domine,

275 1240 439 1305 Humilior
461 1241 520 1327 snb
542 1241 669 1324 potenti
691 1262 791 1304 manu
812 1245 880 1318 tua,
927 1245 943 1304 1
969 1242 1039 1307 Pet.
1062 1265 1092 1306 v.
1115 1246 1146 1305 6.

188 1365 298 1430 Fleeto
321 1389 426 1449 genua
448 1368 488 1433 ad
511 1369 566 1447 Te,
591 1367 740 1446 Domine,
785 1367 869 1448 Epo.
891 1367 936 1431 iii.
962 1368 1011 1430 14.

275 1494 411 1558 Prooido
432 1496 468 1557 in
490 1502 621 1572 terram,

359 1624 394 1686 in
417 1624 533 1687 faeiem
555 1644 672 1687 meam.

187 1750 340 1814 Transeat
364 1773 383 1814 a
404 1773 456 1814 me
478 1752 560 1815 calix
581 1751 653 1814 iste.
697 1751 797 1812 Matt.
820 1750 902 1813 xxvi.
926 1752 979 1814 39.

230 1878 387 1961 Expondo
408 1901 524 1944 manus
545 1899 634 1943 meas
656 1877 698 1943 ad
720 1879 775 1941 Te.
821 1879 910 1942 Peol.
934 1877 1030 1943 cxliii.
1053 1879 1085 1943 6.

328 2065 477 2130 Perontio
496 2021 530 2197 {

543 2013 698 2202 pectus}
726 2026 847 2073 meum.
890 2007 967 2071 buo.
991 2005 1075 2071 xviii.
1101 2007 1152 2070 13.

543 2134 649 2199 femur
727 2136 796 2200 Jer.
818 2134 903 2199 xxxi.
927 2136 990 2201 19.Ι

189 2261 240 2322 De
262 2259 430 2344 profundis
451 2261 571 2326 elamat
593 2262 634 2326 ad
656 2263 702 2326 're
724 2263 835 2326 animo
855 2283 937 2341 meo,
982 2263 1071 2327 Peal.
1094 2283 1185 2327 cxxx.
1211 2261 1240 2324 1.

278 2389 369 2453 Siout
390 2397 479 2455 terro
501 2391 569 2455 sine
592 2412 675 2475 equa
696 2390 766 2471 tibi,
811 2391 901 2454 Peal.
924 2389 1021 2454 cxliii.
1044 2391 1077 2454 6.

363 2524 396 2580 et
418 2517 529 2581 omnia
549 2538 622 2582 ossa
643 2538 724 2590 mea,
773 2515 876 2601 [Peol.
900 2538 992 2581 xxxv.
1017 2515 1082 2600 10.]

320 2650 353 2706 et
375 2644 485 2708 omnin
506 2666 577 2727 quae
598 2644 686 2708 intro
706 2665 759 2708 me
777 2653 869 2725 eunt.
896 2644 1003 2728 ,esan
1027 2643 1089 2707 ciii.
1115 2645 1145 2708 1.

278 2772 427 2851 Domine,
451 2773 566 2838 exandi
588 2794 698 2838 vooem
720 2794 837 2837 meam.
885 2772 987 2856 [Peal.
1011 2772 1065 2837 lxi.
1091 2771 1137 2854 1.]
