<?xml version="1.0" encoding="UTF-8"?>
<!DOCTYPE html PUBLIC "-//W3C//DTD XHTML 1.0 Transitional//EN"
    "http://www.w3.org/TR/xhtml1/DTD/xhtml1-transitional.dtd">
<html xmlns="http://www.w3.org/1999/xhtml" xml:lang="en" lang="en">
 <head>
  <title>
</title>
<meta http-equiv="Content-Type" content="text/html;charset=utf-8" />
  <meta name='ocr-system' content='tesseract 3.04.00' />
  <meta name='ocr-capabilities' content='ocr_page ocr_carea ocr_par ocr_line ocrx_word'/>
</head>
<body>
  <div class='ocr_page' id='page_1' title='image "./precesprivataeq00andrgoog_0151.png"; bbox 0 0 2910 5002; ppageno 0'>
   <div class='ocr_carea' id='block_1_1' title="bbox 471 433 1250 510">
    <p class='ocr_par' dir='ltr' id='par_1_1' title="bbox 471 433 1250 510">
     <span class='ocr_line' id='line_1_1' title="bbox 471 433 1250 510; baseline -0.006 -5"><span class='ocrx_word' id='word_1_1' title='bbox 471 433 641 506; x_wconf 72' lang='lat' dir='ltr'><strong>Pltnclis</strong></span> <span class='ocrx_word' id='word_1_2' title='bbox 664 434 984 510; x_wconf 77' lang='lat' dir='ltr'><strong>QUOTIDIANAE.</strong></span> <span class='ocrx_word' id='word_1_3' title='bbox 1192 439 1250 501; x_wconf 77' lang='lat' dir='ltr'><strong>lei</strong></span> 
     </span>
    </p>
   </div>
   <div class='ocr_carea' id='block_1_2' title="bbox 457 1036 995 1144">
    <p class='ocr_par' dir='ltr' id='par_1_2' title="bbox 457 1036 995 1144">
     <span class='ocr_line' id='line_1_2' title="bbox 457 1036 995 1144; baseline 0 -30"><span class='ocrx_word' id='word_1_4' title='bbox 457 1036 615 1115; x_wconf 87' lang='lat' dir='ltr'><strong>DIEI</strong></span> <span class='ocrx_word' id='word_1_5' title='bbox 669 1037 995 1144; x_wconf 79' lang='lat' dir='ltr'>QJINTAE.</span> 
     </span>
    </p>
   </div>
   <div class='ocr_carea' id='block_1_3' title="bbox 200 1286 966 1482">
    <p class='ocr_par' dir='ltr' id='par_1_3' title="bbox 200 1286 966 1482">
     <span class='ocr_line' id='line_1_3' title="bbox 200 1286 966 1368; baseline 0.001 -16"><span class='ocrx_word' id='word_1_6' title='bbox 200 1287 393 1353; x_wconf 77' lang='lat' dir='ltr'><strong>RDPLE&#39;PI</strong></span> <span class='ocrx_word' id='word_1_7' title='bbox 415 1286 515 1353; x_wconf 86' lang='lat' dir='ltr'><strong>simus</strong></span> <span class='ocrx_word' id='word_1_8' title='bbox 537 1306 635 1352; x_wconf 81' lang='lat' dir='ltr'><strong>moue</strong></span> <span class='ocrx_word' id='word_1_9' title='bbox 656 1287 878 1353; x_wconf 80' lang='lat' dir='ltr'><strong>misericordia</strong></span> <span class='ocrx_word' id='word_1_10' title='bbox 899 1295 966 1368; x_wconf 86' lang='lat' dir='ltr'><strong>tus,</strong></span> 
     </span>
     <span class='ocr_line' id='line_1_4' title="bbox 500 1415 936 1482; baseline 0 -2"><span class='ocrx_word' id='word_1_11' title='bbox 500 1415 653 1482; x_wconf 84' lang='lat' dir='ltr'><strong>Domine.</strong></span> <span class='ocrx_word' id='word_1_12' title='bbox 697 1417 787 1479; x_wconf 78' lang='lat' dir='ltr'><strong>Peol.</strong></span> <span class='ocrx_word' id='word_1_13' title='bbox 810 1435 859 1480; x_wconf 81' lang='lat' dir='ltr'><strong>xc.</strong></span> <span class='ocrx_word' id='word_1_14' title='bbox 883 1416 936 1480; x_wconf 82' lang='lat'><strong>14.</strong></span> 
     </span>
    </p>
   </div>
   <div class='ocr_carea' id='block_1_4' title="bbox 327 1600 1154 2450">
    <p class='ocr_par' dir='ltr' id='par_1_4' title="bbox 327 1600 1154 2450">
     <span class='ocr_line' id='line_1_5' title="bbox 414 1600 852 1684; baseline -0.005 -14"><span class='ocrx_word' id='word_1_15' title='bbox 414 1600 610 1670; x_wconf 77' lang='lat' dir='ltr'><strong>Benedictus</strong></span> <span class='ocrx_word' id='word_1_16' title='bbox 632 1624 676 1683; x_wconf 89' lang='lat' dir='ltr'><strong>es,</strong></span> <span class='ocrx_word' id='word_1_17' title='bbox 700 1601 852 1684; x_wconf 83' lang='lat' dir='ltr'><strong>Domine,</strong></span> 
     </span>
     <span class='ocr_line' id='line_1_6' title="bbox 372 1728 815 1816; baseline -0.009 -18"><span class='ocrx_word' id='word_1_18' title='bbox 372 1728 439 1798; x_wconf 77' lang='lat' dir='ltr'><strong>Qui</strong></span> <span class='ocrx_word' id='word_1_19' title='bbox 459 1728 641 1816; x_wconf 84' lang='lat' dir='ltr'><strong>produxisti</strong></span> <span class='ocrx_word' id='word_1_20' title='bbox 663 1751 703 1796; x_wconf 86' lang='lat' dir='ltr'><strong>ex</strong></span> <span class='ocrx_word' id='word_1_21' title='bbox 724 1730 815 1814; x_wconf 81' lang='lat' dir='ltr'><strong>equis</strong></span> 
     </span>
     <span class='ocr_line' id='line_1_7' title="bbox 413 1854 1108 1946; baseline 0.003 -24"><span class='ocrx_word' id='word_1_22' title='bbox 413 1854 556 1941; x_wconf 83' lang='lat' dir='ltr'><strong>Reptilis</strong></span> <span class='ocrx_word' id='word_1_23' title='bbox 576 1857 692 1921; x_wconf 76' lang='lat' dir='ltr'><strong>anime</strong></span> <span class='ocrx_word' id='word_1_24' title='bbox 713 1855 859 1946; x_wconf 80' lang='lat' dir='ltr'><strong>viventis,</strong></span> <span class='ocrx_word' id='word_1_25' title='bbox 908 1857 986 1925; x_wconf 80' lang='lat' dir='ltr'><strong>Gen.</strong></span> <span class='ocrx_word' id='word_1_26' title='bbox 1007 1855 1030 1922; x_wconf 87' lang='lat' dir='ltr'><strong>i.</strong></span> <span class='ocrx_word' id='word_1_27' title='bbox 1053 1861 1108 1924; x_wconf 77' lang='lat'><strong>20.</strong></span> 
     </span>
     <span class='ocr_line' id='line_1_8' title="bbox 457 1953 845 2065; baseline 0.003 -16"><span class='ocrx_word' id='word_1_28' title='bbox 457 1990 491 2049; x_wconf 86' lang='lat' dir='ltr'><strong>et</strong></span> <span class='ocrx_word' id='word_1_29' title='bbox 513 1989 594 2065; x_wconf 86' lang='lat' dir='ltr'><strong>cete,</strong></span> <span class='ocrx_word' id='word_1_30' title='bbox 841 1953 845 1960; x_wconf 30' lang='lat'>⁵</span> 
     </span>
     <span class='ocr_line' id='line_1_9' title="bbox 413 2109 1154 2199; baseline 0.004 -26"><span class='ocrx_word' id='word_1_31' title='bbox 413 2116 447 2173; x_wconf 90' lang='lat' dir='ltr'><strong>et</strong></span> <span class='ocrx_word' id='word_1_32' title='bbox 467 2109 612 2178; x_wconf 85' lang='lat' dir='ltr'><strong>volucres</strong></span> <span class='ocrx_word' id='word_1_33' title='bbox 635 2118 801 2199; x_wconf 78' lang='lat' dir='ltr'><strong>pennatos,</strong></span> <span class='ocrx_word' id='word_1_34' title='bbox 847 2111 937 2175; x_wconf 78' lang='lat' dir='ltr'><strong>Pcul.</strong></span> <span class='ocrx_word' id='word_1_35' title='bbox 960 2110 1077 2176; x_wconf 84' lang='lat' dir='ltr'><strong>cxlviii.</strong></span> <span class='ocrx_word' id='word_1_36' title='bbox 1102 2114 1154 2176; x_wconf 90' lang='grc'><strong>10.</strong></span> 
     </span>
     <span class='ocr_line' id='line_1_10' title="bbox 371 2213 934 2317; baseline 0.009 -17"><span class='ocrx_word' id='word_1_37' title='bbox 371 2235 696 2317; x_wconf 61' lang='lat' dir='ltr'><strong>cibiniensem,</strong></span> <span class='ocrx_word' id='word_1_38' title='bbox 927 2213 934 2226; x_wconf 89' lang='lat'>&#39;</span> 
     </span>
     <span class='ocr_line' id='line_1_11' title="bbox 327 2363 1154 2450; baseline -0.001 -20"><span class='ocrx_word' id='word_1_39' title='bbox 327 2371 366 2430; x_wconf 91' lang='lat' dir='ltr'><strong>ut</strong></span> <span class='ocrx_word' id='word_1_40' title='bbox 387 2370 567 2431; x_wconf 77' lang='lat' dir='ltr'><strong>crescerent</strong></span> <span class='ocrx_word' id='word_1_41' title='bbox 589 2371 622 2429; x_wconf 87' lang='lat' dir='ltr'><strong>et</strong></span> <span class='ocrx_word' id='word_1_42' title='bbox 643 2363 907 2450; x_wconf 77' lang='lat' dir='ltr'><strong>multiplicarent.</strong></span> <span class='ocrx_word' id='word_1_43' title='bbox 955 2365 1032 2431; x_wconf 78' lang='lat' dir='ltr'><strong>Gen.</strong></span> <span class='ocrx_word' id='word_1_44' title='bbox 1055 2364 1077 2430; x_wconf 90' lang='lat' dir='ltr'><strong>i.</strong></span> <span class='ocrx_word' id='word_1_45' title='bbox 1099 2366 1154 2429; x_wconf 81' lang='lat'><strong>22.</strong></span> 
     </span>
    </p>
   </div>
   <div class='ocr_carea' id='block_1_5' title="bbox 198 2617 1185 3967">
    <p class='ocr_par' dir='ltr' id='par_1_5' title="bbox 198 2617 1185 3967">
     <span class='ocr_line' id='line_1_12' title="bbox 520 2617 879 2696; baseline -0.019 -7"><span class='ocrx_word' id='word_1_46' title='bbox 520 2690 523 2696; x_wconf 73' lang='grc'>,</span> <span class='ocrx_word' id='word_1_47' title='bbox 578 2617 879 2691; x_wconf 74' lang='lat' dir='ltr'><strong>AscENsoiini.</strong></span> 
     </span>
     <span class='ocr_line' id='line_1_13' title="bbox 241 2742 839 2828; baseline 0.003 -20"><span class='ocrx_word' id='word_1_48' title='bbox 241 2743 392 2809; x_wconf 76' lang='lat' dir='ltr'><strong>Exultem</strong></span> <span class='ocrx_word' id='word_1_49' title='bbox 414 2763 510 2828; x_wconf 86' lang='lat' dir='ltr'><strong>super</strong></span> <span class='ocrx_word' id='word_1_50' title='bbox 532 2742 649 2826; x_wconf 77' lang='lat' dir='ltr'><strong>celos,</strong></span> <span class='ocrx_word' id='word_1_51' title='bbox 672 2745 782 2825; x_wconf 70' lang='lat' dir='ltr'><strong>Deus,</strong></span> <span class='ocrx_word' id='word_1_52' title='bbox 804 2751 839 2810; x_wconf 92' lang='lat' dir='ltr'><strong>et</strong></span> 
     </span>
     <span class='ocr_line' id='line_1_14' title="bbox 285 2869 1185 2954; baseline 0.003 -20"><span class='ocrx_word' id='word_1_53' title='bbox 285 2891 381 2954; x_wconf 87' lang='lat' dir='ltr'><strong>super</strong></span> <span class='ocrx_word' id='word_1_54' title='bbox 401 2889 532 2945; x_wconf 87' lang='lat' dir='ltr'><strong>omnem</strong></span> <span class='ocrx_word' id='word_1_55' title='bbox 553 2876 675 2935; x_wconf 80' lang='lat' dir='ltr'><strong>terrum</strong></span> <span class='ocrx_word' id='word_1_56' title='bbox 696 2870 799 2954; x_wconf 80' lang='lat' dir='ltr'><strong>glorie</strong></span> <span class='ocrx_word' id='word_1_57' title='bbox 819 2879 888 2938; x_wconf 84' lang='lat' dir='ltr'><strong>tue.</strong></span> <span class='ocrx_word' id='word_1_58' title='bbox 932 2871 1023 2937; x_wconf 71' lang='lat' dir='ltr'><strong>Ptol.</strong></span> <span class='ocrx_word' id='word_1_59' title='bbox 1046 2869 1129 2938; x_wconf 83' lang='lat' dir='ltr'><strong>cviii.</strong></span> <span class='ocrx_word' id='word_1_60' title='bbox 1152 2874 1185 2938; x_wconf 86' lang='lat'><strong>5.</strong></span> 
     </span>
     <span class='ocr_line' id='line_1_15' title="bbox 198 2997 1084 3079; baseline 0.007 -17"><span class='ocrx_word' id='word_1_61' title='bbox 198 2998 262 3062; x_wconf 85' lang='lat' dir='ltr'><strong>Per</strong></span> <span class='ocrx_word' id='word_1_62' title='bbox 282 2997 515 3067; x_wconf 85' lang='lat' dir='ltr'><strong>Ascensionem</strong></span> <span class='ocrx_word' id='word_1_63' title='bbox 535 3004 638 3079; x_wconf 81' lang='lat' dir='ltr'><strong>tuum,</strong></span> <span class='ocrx_word' id='word_1_64' title='bbox 1081 3072 1084 3077; x_wconf 71' lang='grc'><strong>,</strong></span> 
     </span>
     <span class='ocr_line' id='line_1_16' title="bbox 242 3124 1151 3213; baseline 0.006 -25"><span class='ocrx_word' id='word_1_65' title='bbox 242 3131 276 3189; x_wconf 91' lang='lat' dir='ltr'><strong>et</strong></span> <span class='ocrx_word' id='word_1_66' title='bbox 296 3145 368 3204; x_wconf 89' lang='lat' dir='ltr'><strong>nos,</strong></span> <span class='ocrx_word' id='word_1_67' title='bbox 390 3124 543 3205; x_wconf 85' lang='lat' dir='ltr'><strong>Domine,</strong></span> <span class='ocrx_word' id='word_1_68' title='bbox 565 3125 607 3193; x_wconf 81' lang='lat' dir='ltr'><strong>ud</strong></span> <span class='ocrx_word' id='word_1_69' title='bbox 628 3132 663 3193; x_wconf 86' lang='lat' dir='ltr'><strong>te</strong></span> <span class='ocrx_word' id='word_1_70' title='bbox 685 3125 822 3206; x_wconf 72' lang='lat' dir='ltr'><strong>stiram,</strong></span> <span class='ocrx_word' id='word_1_71' title='bbox 869 3127 981 3213; x_wconf 78' lang='lat' dir='ltr'><strong>[Jouu.</strong></span> <span class='ocrx_word' id='word_1_72' title='bbox 1003 3125 1058 3191; x_wconf 87' lang='lat' dir='ltr'><strong>xii.</strong></span> <span class='ocrx_word' id='word_1_73' title='bbox 1081 3128 1151 3212; x_wconf 78' lang='grc'><strong>32.]</strong></span> 
     </span>
     <span class='ocr_line' id='line_1_17' title="bbox 285 3253 864 3343; baseline 0.003 -27"><span class='ocrx_word' id='word_1_74' title='bbox 285 3258 324 3317; x_wconf 91' lang='lat' dir='ltr'><strong>ut</strong></span> <span class='ocrx_word' id='word_1_75' title='bbox 345 3273 418 3338; x_wconf 76' lang='lat' dir='ltr'><strong>quie</strong></span> <span class='ocrx_word' id='word_1_76' title='bbox 438 3274 569 3323; x_wconf 73' lang='lat' dir='ltr'><strong>sinuum</strong></span> <span class='ocrx_word' id='word_1_77' title='bbox 592 3260 670 3321; x_wconf 86' lang='lat' dir='ltr'><strong>sunt</strong></span> <span class='ocrx_word' id='word_1_78' title='bbox 692 3253 864 3343; x_wconf 77' lang='lat' dir='ltr'><strong>sepiamus,</strong></span> 
     </span>
     <span class='ocr_line' id='line_1_18' title="bbox 329 3379 998 3467; baseline 0.001 -22"><span class='ocrx_word' id='word_1_79' title='bbox 329 3399 398 3445; x_wconf 89' lang='lat' dir='ltr'><strong>non</strong></span> <span class='ocrx_word' id='word_1_80' title='bbox 418 3400 490 3463; x_wconf 82' lang='lat' dir='ltr'><strong>quoe</strong></span> <span class='ocrx_word' id='word_1_81' title='bbox 511 3388 760 3467; x_wconf 76' lang='lat' dir='ltr'><strong>superterram.</strong></span> <span class='ocrx_word' id='word_1_82' title='bbox 808 3381 873 3446; x_wconf 80' lang='lat' dir='ltr'><strong>Col.</strong></span> <span class='ocrx_word' id='word_1_83' title='bbox 896 3379 941 3446; x_wconf 88' lang='lat' dir='ltr'><strong>iii</strong></span> <span class='ocrx_word' id='word_1_84' title='bbox 965 3383 998 3446; x_wconf 77' lang='lat'><strong>2.</strong></span> 
     </span>
     <span class='ocr_line' id='line_1_19' title="bbox 288 3506 709 3592; baseline 0.007 -20"><span class='ocrx_word' id='word_1_85' title='bbox 288 3508 352 3572; x_wconf 88' lang='lat' dir='ltr'><strong>Per</strong></span> <span class='ocrx_word' id='word_1_86' title='bbox 372 3506 489 3591; x_wconf 81' lang='lat' dir='ltr'><strong>ingens</strong></span> <span class='ocrx_word' id='word_1_87' title='bbox 511 3506 709 3592; x_wconf 86' lang='lat' dir='ltr'><strong>Mysterium</strong></span> 
     </span>
     <span class='ocr_line' id='line_1_20' title="bbox 330 3631 1003 3721; baseline 0 -24"><span class='ocrx_word' id='word_1_88' title='bbox 330 3631 433 3699; x_wconf 81' lang='lat' dir='ltr'><strong>sinoti</strong></span> <span class='ocrx_word' id='word_1_89' title='bbox 453 3633 594 3719; x_wconf 84' lang='lat' dir='ltr'><strong>corporis</strong></span> <span class='ocrx_word' id='word_1_90' title='bbox 616 3641 650 3704; x_wconf 88' lang='lat' dir='ltr'><strong>et</strong></span> <span class='ocrx_word' id='word_1_91' title='bbox 671 3633 805 3721; x_wconf 74' lang='lat' dir='ltr'><strong>pretiosi</strong></span> <span class='ocrx_word' id='word_1_92' title='bbox 827 3632 1003 3717; x_wconf 80' lang='lat' dir='ltr'><strong>sanguinis,</strong></span> 
     </span>
     <span class='ocr_line' id='line_1_21' title="bbox 374 3760 989 3847; baseline -0.007 -20"><span class='ocrx_word' id='word_1_93' title='bbox 374 3761 410 3827; x_wconf 92' lang='lat' dir='ltr'><strong>in</strong></span> <span class='ocrx_word' id='word_1_94' title='bbox 431 3761 529 3847; x_wconf 88' lang='lat' dir='ltr'><strong>hujus</strong></span> <span class='ocrx_word' id='word_1_95' title='bbox 550 3761 616 3829; x_wconf 85' lang='lat' dir='ltr'><strong>diei</strong></span> <span class='ocrx_word' id='word_1_96' title='bbox 637 3782 769 3847; x_wconf 83' lang='lat' dir='ltr'><strong>vespere</strong></span> <span class='ocrx_word' id='word_1_97' title='bbox 790 3760 989 3833; x_wconf 84' lang='lat' dir='ltr'><strong>institutum,</strong></span> 
     </span>
     <span class='ocr_line' id='line_1_22' title="bbox 415 3886 749 3967; baseline -0.003 -13"><span class='ocrx_word' id='word_1_98' title='bbox 415 3888 566 3967; x_wconf 90' lang='lat' dir='ltr'><strong>Domine,</strong></span> <span class='ocrx_word' id='word_1_99' title='bbox 588 3886 749 3953; x_wconf 88' lang='lat' dir='ltr'><strong>miserere.</strong></span> 
     </span>
    </p>
   </div>
   <div class='ocr_carea' id='block_1_6' title="bbox 376 4142 584 4226">
    <p class='ocr_par' dir='ltr' id='par_1_6' title="bbox 376 4142 584 4226">
     <span class='ocr_line' id='line_1_23' title="bbox 376 4142 584 4226; baseline 0.014 -15"><span class='ocrx_word' id='word_1_100' title='bbox 376 4142 442 4213; x_wconf 84' lang='lat' dir='ltr'><strong>Qui</strong></span> <span class='ocrx_word' id='word_1_101' title='bbox 463 4142 584 4226; x_wconf 82' lang='lat' dir='ltr'><strong>dixisti,</strong></span> 
     </span>
    </p>
   </div>
   <div class='ocr_carea' id='block_1_7' title="bbox 200 4258 784 4356">
    <p class='ocr_par' dir='ltr' id='par_1_7' title="bbox 200 4258 784 4356">
     <span class='ocr_line' id='line_1_24' title="bbox 200 4258 784 4356; baseline 0.002 -21"><span class='ocrx_word' id='word_1_102' title='bbox 200 4270 285 4336; x_wconf 86' lang='lat' dir='ltr'><strong>Vivo</strong></span> <span class='ocrx_word' id='word_1_103' title='bbox 307 4292 377 4356; x_wconf 82' lang='lat' dir='ltr'><strong>ego,</strong></span> <span class='ocrx_word' id='word_1_104' title='bbox 400 4258 479 4339; x_wconf 88' lang='lat' dir='ltr'><strong>dicit</strong></span> <span class='ocrx_word' id='word_1_105' title='bbox 501 4272 661 4340; x_wconf 82' lang='lat' dir='ltr'><strong>Dominus</strong></span> <span class='ocrx_word' id='word_1_106' title='bbox 684 4272 784 4352; x_wconf 84' lang='lat' dir='ltr'><strong>Deus,</strong></span> 
     </span>
    </p>
   </div>
   <div class='ocr_carea' id='block_1_8' title="bbox 0 0 1460 5002">
    <p class='ocr_par' dir='ltr' id='par_1_8' title="bbox 0 0 1460 5002">
     <span class='ocr_line' id='line_1_25' title="bbox 0 0 1460 5002; baseline 0 0"><span class='ocrx_word' id='word_1_107' title='bbox 0 0 1460 5002; x_wconf 95' lang='lat' dir='ltr'><strong> </strong></span> 
     </span>
    </p>
   </div>
  </div>
 </body>
</html>
