2910 5002
479 448 648 514 Paucas
675 448 992 516 QUOTIDIANAE.
1200 449 1265 511 409

210 619 299 682 Psoi.
323 618 367 684 xl.
390 621 421 684 9.
530 618 728 683 Defecerant
746 618 783 680 in
797 617 939 681 vanitate
959 615 1028 683 dies
1047 617 1122 697 mei,
1138 624 1170 683 et
1186 617 1265 682 anni

467 746 503 808 in
524 745 686 809 anxietate
708 745 819 811 cordia

214 873 316 958 [Rom.
340 873 360 937 i.
384 872 451 957 28.]
531 872 704 937 Tradidisti
723 894 777 937 me
792 874 828 936 in
842 873 999 941 desideria
1013 873 1117 939 cordia
1134 873 1209 953 mei,
1224 878 1263 937 ut

468 1022 507 1065 ea
528 1000 668 1065 facerem
690 1021 762 1084 quae
783 1021 851 1065 non
872 1001 1089 1067 convenirent.

213 1128 283 1215 [Pa
299 1129 425 1194 xxxviii.
442 1129 506 1214 3.]-
531 1130 577 1193 Et
593 1130 664 1213 jam
688 1148 754 1193 non
770 1136 819 1193 eet
841 1129 962 1194 sanitas
984 1129 1020 1193 in
1042 1149 1137 1195 earne
1156 1149 1262 1193 meaa

464 1255 546 1321 faeie
560 1256 617 1320 iroe
635 1256 723 1333 rua,
738 1275 799 1320 nee
820 1277 883 1341 pax
898 1255 1023 1320 ossibus
1038 1257 1119 1319 meis
1141 1277 1161 1318 a
1179 1255 1260 1321 faeie

465 1385 588 1469 peceati
609 1384 683 1448 mei
811 1391 812 1394 ’

208 1512 278 1596 [Pa.
300 1512 374 1576 xliv.
399 1511 464 1597 lia]
527 1512 622 1576 Adde
636 1511 713 1576 huie
732 1511 952 1577 oonfueionem
966 1511 1060 1576 faciei
1079 1533 1150 1596 quae
1169 1512 1259 1591 mibi,

464 1638 505 1703 ob
517 1639 627 1705 oeulos
638 1645 792 1718 versatur,
808 1646 841 1702 et
855 1637 1034 1721 ignominia
1048 1659 1119 1724 quoe
1133 1639 1259 1703 mltum

465 1764 600 1848 obtegit.

207 1892 276 1977 [Pa
293 1893 374 1957 cxix.
392 1892 480 1978 120.]
525 1894 627 1957 Porro
659 1912 714 1957 eor
747 1912 856 1956 meum
885 1893 1056 1973 fluctuans,
1079 1900 1112 1957 et
1140 1901 1260 1958 tremo-

462 2041 531 2085 rem
553 2020 659 2085 earnis
680 2020 722 2085 ab
744 2021 874 2086 aeternio
891 2020 1023 2106 judiciis
1036 2022 1133 2099 Tuis3

207 2143 287 2228 [Jer.
303 2145 335 2212 ii.
354 2145 421 2229 la]
524 2144 674 2229 Denique
709 2144 958 2210 amaritudinem
995 2168 1091 2232 supra
1120 2156 1259 2215 mortem

463 2293 613 2346 amaram,
641 2272 850 2356 dereliquisse
872 2274 991 2354 Deum,
1014 2280 1049 2338 et
1069 2275 1257 2346 derelictum

463 2419 531 2463 ease
553 2399 639 2482 apud
660 2399 755 2465 Eum.

333 2526 393 2591 vae
415 2525 497 2590 mihi
519 2490 733 2588 adenona

461 2653 531 2717 haee
552 2653 702 2716 facerem.

331 2781 425 2861 Vide,
449 2781 599 2860 Domine,
623 2803 720 2867 quam
741 2780 813 2845 vilis
834 2779 940 2845 factm
962 2803 1043 2861 eum,

418 2917 451 2972 et
468 2911 539 2993 jam
561 2908 765 2974 abominatur
786 2907 895 2973 anima

364 3064 367 3069 ·
503 3041 576 3102 mea
597 3038 697 3102 vitam
719 3058 833 3102 meam.
881 3037 963 3123 [Job.
987 3059 1015 3100 x.
1042 3037 1085 3121 1.]

332 3165 472 3249 Obrigui
492 3187 560 3251 prae
582 3165 807 3248 magnitudine

417 3293 542 3359 doloris.

199 3422 244 3485 Ie.
266 3420 375 3486 xxxiii.
400 3424 451 3486 15.
494 3422 539 3486 Et
549 3421 627 3504 quid
639 3421 742 3485 dicam
753 3422 848 3505 jam?
872 3421 1050 3506 autinquo
1065 3423 1205 3507 aperiam
1220 3445 1256 3488 os

402 3549 536 3614 meum?
553 3547 632 3632 quid
640 3547 849 3634 respondebo,
862 3569 934 3614 eum
947 3549 1014 3634 ipae
1024 3549 1092 3614 haee
1101 3549 1254 3615 fecerim?

326 3677 381 3742 Ad
403 3698 499 3761 quem
523 3679 714 3742 Sanctorum
737 3677 945 3759 oonfugiam?
993 3679 1074 3762 [Jot.
1098 3701 1126 3743 v.
1152 3677 1198 3765 1.]

242 3806 345 3871 Miser
366 3805 533 3870 etinfelix
555 3806 662 3882 bomo,

328 3935 400 4018 quia
421 3956 474 3999 me
495 3933 647 3998 liberabit
669 3933 709 3996 de
732 3953 864 4015 corpore

456 4061 570 4125 mortis
592 4060 716 4143 hujus?
763 4057 867 4144 [Rom.
890 4059 944 4124 vii.
968 4058 1024 4141 24]

197 4191 281 4256 Cum
304 4211 371 4253 nou
392 4188 496 4252 habeo
517 4187 604 4251 ultra
625 4185 711 4270 quod

283 4340 377 4402 agam
400 4317 552 4395 dieamve‚
575 4316 637 4380 boe
659 4316 762 4381 solum
783 4320 892 4392 restat,

243 4462 301 4498 auo.
320 4461 415 4497 raucae
755 4445 775 4505 3
799 4459 819 4506 ρ
