2910 5002
579 717 923 792 PRAEFATIQ·

243 1273 362 1336 Diuus
385 1270 447 1336 tibi
470 1272 505 1334 in
529 1293 655 1347 manus,
682 1272 722 1335 L.
747 1273 798 1350 B,
824 1290 936 1355 preces
962 1269 1103 1355 privatas
1133 1270 1301 1336 Lanoeloti

198 1390 384 1470 Andrewes,
400 1390 436 1454 in
450 1403 517 1455 tres
531 1400 639 1474 partes
654 1390 780 1454 divisas.

247 1579 294 1640 Ex
317 1578 369 1641 his
391 1585 497 1661 partes
520 1576 592 1641 duae
610 1577 732 1660 priores
749 1575 944 1661 jamdudum
967 1575 1072 1639 lucem
1096 1583 1300 1659 aspexerunt,

198 1717 321 1763 excusae
344 1699 448 1783 primo
470 1714 534 1762 sm.
560 1700 656 1775 1675,
681 1696 832 1776 secundo,
855 1697 1034 1776 s.n.1829,
1056 1703 1089 1760 et
1108 1696 1216 1775 tertio,
1234 1712 1298 1760 nn.

200 1817 294 1881 1848.

243 2005 284 2068 In
309 2005 359 2069 his
385 2005 579 2069 excudendis
605 2004 779 2069 editionem
810 2005 945 2089 primam
978 2005 1081 2069 secuti
1111 2025 1233 2082 sumus,
1260 2023 1299 2066 eo

197 2129 307 2186 tamen
337 2129 480 2206 excepto,
511 2123 597 2206 quod
625 2145 785 2208 perpauca
815 2124 961 2208 quaedam
989 2124 1117 2203 Latina,
1144 2123 1179 2187 in
1207 2130 1298 2207 parte

198 2241 338 2305 secunda
356 2243 410 2325 (so.
427 2264 531 2327 apag.
548 2246 614 2309 372
629 2243 670 2307 ad
684 2265 757 2328 pag.
774 2244 861 2327 387.)
875 2246 970 2330 juxta
989 2243 1150 2327 exemplar
1165 2238 1298 2306 Davidis

200 2361 326 2439 Stokes,
341 2361 378 2425 in
396 2361 585 2445 Appendioe
607 2362 692 2441 libri,
714 2363 767 2426 cui
787 2363 905 2427 titulus
927 2363 1063 2426 “Verus
1083 2361 1295 2439 Christianus,

201 2479 439 2559 Oxon.1668,'’
457 2481 543 2544 unde
560 2481 682 2565 primus
708 2481 823 2544 Editor
842 2481 905 2544 ista
927 2481 1114 2564 desumpsit,
1129 2481 1165 2543 in
1184 2479 1296 2542 melio·

199 2617 279 2676 rem,
306 2618 442 2681 eumque
465 2600 650 2681 pristinum,
675 2608 712 2662 ut
738 2598 876 2677 videtur,
903 2597 1050 2661 ordinem
1076 2604 1296 2661 transmutare

199 2716 388 2779 curarimus.
594 2707 595 2710 ¹

241 2903 319 2966 Post
340 2903 479 2987 primam
493 2912 618 2988 partem
642 2905 730 2988 prelo
753 2905 943 2988 impressam
967 2904 1008 2970 ad
1031 2924 1146 2996 manus
1169 2911 1297 2968 nostrus

197 3020 343 3102 pervenit
364 3022 583 3105 apographum
603 3023 694 3102 illud,
712 3023 752 3108 de
768 3045 832 3107 quo
847 3023 882 3088 in
897 3023 1087 3088 Praefatione
1102 3044 1160 3087 sua
1173 3022 1295 3107 primus

199 3139 313 3203 Editor
337 3141 535 3205 mentionem
558 3141 653 3219 feeit,
683 3143 759 3207 inde
779 3143 882 3208 varias
901 3143 1067 3224 lectiones,
1093 3150 1127 3207 et
1150 3141 1298 3207 addenda

199 3258 344 3342 quaedam
360 3261 581 3343 excerpsimus.

242 3446 306 3510 His
321 3446 445 3511 duabus
459 3447 614 3530 pertibus,
631 3455 725 3512 antea
739 3449 873 3527 excusis,
888 3448 1017 3513 tertiam
1033 3449 1096 3533 ipsi
1114 3447 1295 3512 addidimus

199 3585 217 3628 e
232 3564 307 3630 MS.
326 3565 419 3629 Harl.
434 3565 521 3631 6616
537 3574 674 3631 erutam.

242 3749 340 3813 Plura
355 3749 394 3814 de
408 3750 459 3814 his
478 3751 637 3835 precibus,
654 3773 827 3837 earumque
843 3751 1038 3817 editionibus
1056 3752 1092 3816 in
1108 3749 1295 3837 Appendioe

199 3869 240 3932 ad
260 3869 370 3933 Vitam
391 3872 541 3935 Auctoris
565 3872 691 3951 dicturi,
715 3872 773 3937 has
796 3893 888 3938 cures
911 3879 1040 3938 nostras
1059 3872 1296 3955 qualescunque

198 4008 289 4071 aequo
303 3994 361 4052 tuo
371 3988 492 4073 judicio
508 3990 703 4074 subjicimus.

1160 4111 1191 4173 J.
1208 4111 1246 4172 B.
