2910 5002
469 438 640 506 Paucas
664 439 983 508 QUOTIDIANAE.

285 618 318 674 et
340 609 541 693 poenitentiae
562 609 602 672 ad
625 608 735 689 vitam,
783 608 868 694 [Aet.
892 611 935 674 xi·
960 609 1025 693 18.]

199 738 242 800 Et
263 736 299 799 in
320 736 522 820 plenitudine
545 744 729 821 temporum
787 738 874 822 [Gal.
897 738 939 801 ir.
962 738 1010 820 4.]

157 896 165 909 ·
285 864 401 928 misisti
424 865 538 948 Ipsum
562 865 730 929 Christum
753 872 859 944 tuum,

199 993 248 1056 Ut
270 993 523 1077 apprehenderet
547 1014 659 1057 semen
680 992 852 1073 Abrahae,.
881 993 975 1078 [Heb.
997 993 1032 1056 ii.
1059 992 1125 1076 16.]

286 1128 320 1185 et
341 1121 377 1184 iu
399 1120 561 1184 oblatione
583 1120 658 1183 vitae

200 1248 388 1333 adimpleret
410 1249 627 1314 obedientiam
649 1248 740 1332 legia,

287 1377 377 1441 etin
399 1376 554 1440 sacrificio
576 1376 690 1440 mortis

201 1504 371 1570 sustineret
393 1505 653 1569 maledictionem
676 1506 757 1588 ejus,
808 1503 895 1588 [Gal.
919 1503 965 1567 iii.
992 1503 1055 1587 la]

227 1605 231 1611 ⁶
332 1656 452 1716 suaque
475 1641 579 1697 morte
1000 1622 1001 1626 ¹

288 1763 452 1828 Mundum
473 1761 656 1838 redimeret,

375 1910 495 1972 suaque
518 1887 767 1952 Resurrectione

289 2038 363 2081 eum
385 2017 578 2093 vivificaret;

455 2144 521 2210 Qui
542 2144 652 2207 omnia
673 2142 751 2206 facis

203 2280 241 2336 ut
263 2292 364 2355 genus
386 2276 534 2334 nostrum
556 2268 598 2335 ad
619 2271 654 2332 te
675 2268 853 2348 reduceres,

246 2399 333 2464 unde
356 2398 471 2462 divinae
493 2404 559 2461 tuae
581 2404 706 2461 naturae
728 2398 898 2482 particeps,
947 2399 982 2483 [2
1005 2400 1076 2464 Pet.
1098 2400 1120 2464 i.
1144 2400 1189 2483 4.]

290 2537 323 2592 et
344 2535 472 2592 aeternae
494 2525 603 2611 gloriae
625 2544 755 2610 compos
776 2527 888 2607 fieret3

206 2656 273 2724 Qui
292 2656 514 2720 testimonium
535 2655 728 2738 perhibuisti
749 2655 878 2719 veritati

376 2784 544 2866 Evangelii
565 2785 625 2862 tui,
1049 2833 1052 2836 ⁴

289 2911 399 2974 multis
421 2917 454 2974 et
475 2910 571 2973 variis
592 2911 775 2989 virtutibus,
826 2911 920 2996 [Her.
943 2913 976 2976 ii.
999 2913 1045 2996 4.]

209 3041 340 3122 Semper
360 3037 569 3102 memoranda
590 3038 833 3105 conversatione

276 3204 278 3210 ·
336 3167 528 3230 Sanctorum
549 3173 689 3246 tuorum,

206 3294 398 3360 Admirabili
419 3295 577 3378 patientia
597 3302 845 3374 tormentorum,

209 3421 374 3504 Stupenda
395 3421 600 3486 conversione

291 3549 393 3612 totius
415 3555 575 3612 terrarum
597 3549 684 3613 orbis

336 3678 376 3741 ad
398 3677 615 3742 obedientiam
636 3679 722 3757 fidei,
773 3679 876 3761 [Rom.
900 3678 962 3743 xvi.
986 3677 1054 3760 26.]

249 3805 339 3869 nullo
362 3826 534 3883 armorum,
558 3804 760 3889 eloquentiae,
784 3804 899 3867 virium
922 3804 1117 3884 interventu,

208 3933 432 4014 Benedicatur,
455 3935 617 4014 laudetur,
641 3935 831 4013 celebretur,

293 4064 530 4147 Magnificatur,
553 4066 817 4149 superexaltetur,
840 4065 1045 4149 glorificetur,

423 4195 641 4259 sanctificetur

423 4324 553 4388 Nomen
575 4332 678 4402 tuum,

1190 439 1252 504 165
