2910 5002
418 444 587 509 PRECES
612 445 929 511 QUOTIDIANAE.

174 615 372 697 Exspeetens
395 614 490 697 plene
512 636 618 679 meam

348 744 609 808 conversionem:

221 870 353 935 Relictis
375 871 411 933 in
434 892 516 949 me,-

262 997 480 1061 Conversione
502 995 543 1059 ed
565 1018 629 1073 eor,

263 1122 424 1187 Memoris
444 1122 699 1201 novissimorum

263 1248 479 1327 Verecundia,
502 1249 643 1327 horrore,
660 1249 769 1313 dolore

348 1375 559 1459 precedentis
581 1377 712 1459 peceati.

221 1502 298 1567 Plus
320 1508 353 1566 et
376 1502 489 1586 magis,
512 1503 615 1586 magis
636 1510 669 1566 et
691 1503 773 1586 plus,

307 1628 412 1693 adhuc
434 1638 467 1693 et
490 1629 605 1707 sdhuo,
628 1630 778 1693 Domine.

178 1756 245 1823 Qui
266 1756 452 1821 concessisti
474 1756 555 1819 mihi
577 1778 649 1839 spes
671 1756 782 1834 bones,

263 1884 348 1949 circe
368 1884 590 1948 remissionem
613 1885 692 1968 ejus,

180 2010 385 2089 Poenitentie,
409 2018 443 2073 et
465 2009 615 2094 operibus
637 2010 749 2095 ipsius,

221 2139 385 2203 Potestete
406 2138 682 2203 sanctissimarum

307 2265 464 2343 Cluvium,
487 2274 520 2329 et
545 2266 825 2330 Sacramentorum

439 2395 475 2457 in
497 2394 640 2458 Ecclesia
661 2402 728 2458 tua.

223 2521 318 2589 cuod
340 2522 380 2585 de
402 2521 454 2585 die
475 2521 511 2583 in
533 2521 620 2585 diem

180 2650 242 2713 Pro
263 2648 314 2711 his
336 2647 399 2711 tuis
420 2647 455 2710 in
478 2669 529 2711 me
551 2648 714 2713 beneficiis

265 2775 346 2839 mihi
367 2776 561 2853 memoretis,

181 2903 339 2985 Quodque
360 2901 458 2967 etium
480 2923 538 2985 pro
560 2902 631 2966 aliis
654 2903 822 2987 permultis
845 2905 1014 2988 praeteritis

308 3051 375 3114 prae
395 3030 604 3094 multitudine
626 3054 693 3109 sus,

309 3165 343 3221 et
363 3156 523 3221 oblivione
545 3179 626 3237 meu,

182 3284 224 3348 In
245 3304 297 3348 me
318 3294 390 3348 tum
411 3284 582 3364 volentem,
607 3286 773 3363 scientem,
797 3294 972 3370 petentem,

225 3413 307 3475 Tum
328 3412 365 3475 in
386 3434 452 3476 non
474 3420 646 3496 petentem,
670 3415 884 3498 ignorantem,
905 3416 1043 3480 invitum

309 3540 442 3618 collutis,

267 3667 438 3747 Confiteor,
462 3678 495 3732 et
517 3669 576 3732 tibi
599 3672 719 3753 gratias
743 3693 813 3754 ego,

267 3794 435 3874 Benedico,
460 3804 492 3860 et
515 3798 612 3862 leudo
634 3808 667 3863 te
689 3823 746 3883 pro
768 3799 861 3875 virili,
884 3806 916 3862 et
938 3797 1100 3882 quotidie:

267 3921 445 4006 Precorque
468 3945 507 3988 ex
529 3933 599 3990 tots
622 3929 738 4004 anima,

266 4048 310 4112 Et
333 4072 371 4114 er
394 4058 464 4116 tots
485 4062 595 4118 mente
617 4077 738 4139 precor.
777 4148 782 4157 .
