2910 5002
432 436 602 502 Peneos
626 437 944 507 QUOTIDIANAE.
1173 445 1216 509 95

164 603 388 682 Subtemenea,
404 605 569 688 ·Lopides,

422 733 560 800 Metalla
580 741 613 798 et
635 735 832 814 Mineralia,¹

421 862 594 941 Carbones,
861 923 864 928 .

165 988 312 1071 Sanguis,
335 996 370 1052 et
391 989 493 1072 Ignis,
519 998 551 1054 et
573 991 684 1075 Vapor
707 990 811 1057 Fumi.
856 993 936 1058 Joel.
959 993 993 1060 ii.
1016 997 1071 1060 30.

164 1209 292 1274 Delicta
313 1211 383 1293 quie
404 1212 584 1295 intelligit?

207 1338 248 1401 ab
270 1339 402 1403 occulti·
424 1339 546 1403 munde
567 1361 638 1404 me:
684 1342 772 1406 Psaz.
795 1343 858 1407 xix.
883 1346 935 1408 12.

163 1465 208 1528 nt
230 1464 270 1529 ab
293 1466 404 1529 alienis
425 1487 518 1549 perce
540 1488 629 1531 servo
650 1475 724 1532 tuo:

158 1568 181 1627 .'
206 1610 249 1653 ne
271 1591 335 1655 mei
357 1592 571 1657 dominentur.
622 1594 714 1677 [Ver.
729 1569 805 1679 '18.]

164 1719 300 1803 Propter
322 1741 440 1784 nomen
463 1727 567 1795 tuum,
592 1722 742 1801 Domine,

207 1846 380 1929 propitiare
402 1854 534 1929 peceato
557 1868 629 1911 meo
639 1873 650 1925 5

250 1973 396 2037 Multum
419 1983 469 2037 est
490 1975 588 2038 enim.
633 1976 722 2038 Ptol.
745 1996 816 2040 xxv.
842 1978 893 2040 11.

166 2100 486 2185 comprehenderunt
508 2124 561 2166 me
582 2103 769 2186 iniquitates
791 2125 881 2184 meae,

208 2235 242 2292 et
264 2250 332 2293 non
353 2230 444 2312 potui
465 2238 503 2293 ut
528 2230 677 2310 viderem,

166 2355 390 2439 Multiplieotae
412 2365 487 2422 sunt
509 2379 603 2441 super
624 2358 755 2442 capillos
778 2357 891 2442 capitio
913 2360 988 2439 mei,

209 2491 242 2547 et
264 2505 449 2548 cormeum
471 2485 641 2568 dereliquit
662 2506 725 2550 me.
770 2486 859 2549 Ptol.
882 2487 925 2550 nl.
950 2489 1000 2552 12.

166 2613 371 2695 complaceat
392 2612 462 2691 tibi,
486 2613 635 2692 Domine,
657 2623 695 2676 ut
716 2633 809 2676 erues
831 2632 893 2691 me,

209 2740 350 2804 Domine
373 2739 413 2803 od
435 2740 652 2825 adjutandum
674 2761 726 2805 me
748 2740 889 2825 respice3
940 2741 1010 2804 Ver.
1036 2742 1088 2806 13.

166 2866 307 2930 Mirifice
328 2865 560 2931 misericordias
580 2874 653 2932 tuoe
674 2867 709 2930 in
731 2888 794 2946 me,

211 2993 275 3060 Qui
299 2993 402 3057 salvos
424 2992 504 3057 facis
526 3000 689 3077 sperantes
710 2993 746 3056 in
767 3001 811 3058 te.
853 2994 944 3059 Ptol.
966 2994 1039 3058 xvii.
1065 2996 1094 3058 7.

167 3121 237 3204 Ego
259 3119 335 3199 dixi,
358 3120 510 3200 Domine,
532 3121 681 3185 miserem
702 3121 776 3200 mei,

212 3247 298 3311 Sana
320 3249 461 3312 animam
483 3269 597 3326 meam,
616 3248 691 3330 quia
709 3248 837 3331 peceavi
858 3248 929 3313 tibi.
979 3249 1082 3333 [Ptol.
1097 3247 1150 3312 xli.
1166 3246 1215 3332 4.]

167 3409 310 3487 Peccavi,

212 3535 276 3599 Sed
299 3534 459 3614 erubesco,

253 3664 298 3728 Et
319 3670 445 3728 overtor
467 3684 485 3727 a
507 3661 566 3726 viis
587 3663 667 3727 meis
689 3654 791 3743 melio,

298 3793 342 3855 Et
364 3797 532 3855 convertor
554 3790 594 3854 od
616 3812 811 3869 cormeum,

340 3921 383 3985 Et
404 3919 440 3983 in
461 3918 610 3983 universo
632 3917 726 3982 corde
749 3938 821 3982 meo
843 3917 882 3981 od
904 3925 938 3983 te
959 3924 1111 3999 revertor,

383 4047 427 4109 Et
450 4065 558 4129 quaero
579 4043 694 4108 faciem
715 4050 817 4119 tuam,

379 4208 382 4212 ⁴
427 4173 471 4236 Et
493 4172 645 4257 depreoor
666 4178 709 4249 te,
732 4170 850 4249 dicens,

168 4301 308 4380 Peooevi,
331 4301 439 4384 inique
462 4301 523 4384 egi,
547 4301 644 4384 impie
667 4299 762 4384 gessi,
