2910 5002
366 864 602 948 VARIAE
652 863 1047 949 LEOTIONES

696 1053 727 1089 H

503 1184 706 1244 ADDENDA
728 1185 914 1258 QUAEDAM

228 1381 292 1445 EX
326 1383 642 1447 APOGRAPHO
677 1383 940 1447 SAMUELIS
973 1383 1201 1460 WRIGH'P,
1248 1458 1251 1463 Δ

492 1567 587 1618 APUD
605 1567 699 1618 COLL.
717 1566 818 1617 Plinii
839 1565 940 1617 CAN'P.

624 1696 809 1736 CONSBRVATO.

756 1922 762 1926 .
791 1918 847 1925 -ρ

207 2147 352 2218 Quasuos
363 2145 425 2204 hac
439 2145 584 2222 imprimis
599 2147 749 2204 observata
762 2145 898 2203 volumus
910 2166 958 2201 :-

231 2299 248 2354 ἰ.
273 2297 337 2354 Hoc
350 2295 549 2373 apographum
566 2297 667 2354 Graeoa
680 2303 798 2354 tantum
813 2295 945 2354 continet
958 2313 1050 2372 nsque
1069 2295 1108 2353 ad
1128 2313 1191 2372 pag.
1208 2295 1267 2351 250
1360 2342 1366 2352 .

300 2400 407 2454 nostrae
425 2395 570 2466 editionis,
598 2396 659 2452 sine
682 2396 812 2454 versione
838 2393 949 2466 latina,
971 2413 1061 2470 quam
1083 2394 1187 2452 Editor
1207 2395 1268 2471 ipse

301 2491 454 2551 confecisse
467 2492 590 2551 videtur.

219 2617 248 2672 ii.
271 2613 355 2673 Nulli
367 2620 438 2672 sunt
451 2614 546 2685 tituli„
560 2620 666 2691 praeter
681 2612 802 2672 Ὡσαννὰ
813 2610 842 2671 c'v
856 2613 988 2690 ὑψίστοις,
1003 2632 1031 2691 p.
1050 2613 1126 2685 2083
1147 2611 1271 2672 Ὡσαννὰ

188 2758 193 2767 .
303 2709 332 2770 ἔν
345 2709 479 2790 ἐπιγείοις,
494 2730 521 2788 p.
536 2711 601 2768 214.
642 2709 755 2781 εἴσοδος,
770 2729 798 2786 p.
812 2709 859 2782 10,
880 2718 1008 2768 maium
1021 2710 1145 2770 videtur.

210 2833 249 2891 iii.
273 2832 381 2890 Graecis
393 2831 493 2903 literis,
509 2832 540 2903 α’,
560 2832 602 2906 β’,
616 2831 653 2911 γ’,
668 2829 776 2911 (aaa)
790 2849 849 2889 non
863 2831 1004 2902 Arabicis,
1018 2836 1161 2889 notantur
1173 2838 1271 2908 partas

171 2928 321 2988 distincta.

213 3059 251 3116 iv.
274 3056 345 3116 Dies
357 3075 410 3116 sua
423 3057 544 3133 quisque
559 3065 630 3115 nota
643 3057 837 3115 astronomica
850 3056 1050 3133 distinguitur.

211 3154 256 3213 Ea
273 3172 338 3231 quae
358 3154 390 3211 in
410 3154 575 3230 apographo
596 3173 614 3213 a
632 3160 732 3212 nostra
746 3152 874 3212 editione
888 3152 1035 3226 differunt,
1049 3155 1082 3213 in
1095 3161 1155 3214 tres
1168 3154 1271 3214 classes

170 3251 308 3311 ridentur
321 3249 532 3326 distinguenda,
547 3269 619 3326 quas
632 3249 724 3309 literis
738 3249 774 3319 A,
789 3249 821 3320 B,
838 3249 870 3320 0,
884 3248 1085 3310 indicavimus

211 3376 245 3431 A.
268 3372 365 3432 Variae
380 3372 530 3432 Lectiones
544 3392 608 3448 quaa
625 3375 656 3430 in
672 3379 757 3430 textu
776 3373 838 3449 ipso
857 3381 1023 3445 occurrunt,
1043 3374 1199 3434 etidcirco
1217 3393 1270 3452 pro

171 3472 248 3531 veris
260 3477 330 3530 sunt
343 3469 490 3529 habendre.

213 3595 245 3652 B.
269 3593 427 3653 Intervalla
440 3595 500 3652 siva
512 3595 614 3671 spatia
629 3612 694 3669 quae
708 3601 839 3653 mentem
853 3595 981 3653 auctoris
994 3596 1101 3672 sepius
1112 3594 1251 3653 indicant.

213 3726 244 3783 Ο.
268 3724 364 3783 Variae
386 3723 539 3783 Lectiones
555 3742 625 3800 quas
646 3724 788 3782 Ricardus
807 3723 906 3783 Dmke
927 3726 958 3781 in
979 3744 1030 3783 ora
1048 3725 1115 3783 iibri
1136 3726 1272 3796 exaravit,

173 3841 208 3881 eo
222 3821 280 3881 iere
293 3822 392 3880 animo
406 3827 441 3880 ut
454 3822 543 3880 looae
561 3820 655 3880 Sacris
665 3821 824 3898 Scripturis
843 3822 933 3880 citata
941 3819 983 3907 ad
996 3828 1111 3881 textum
1124 3828 1274 3898 receptum

173 3919 294 3995 propius
305 3917 480 3977 accederent.

707 4066 742 4126 A.

195 4189 222 4247 p.
240 4170 266 4228 6.
288 4170 338 4228 lin.
357 4171 402 4229 15.
445 4172 507 4229 delo
522 4173 676 4249 Μνὴσθιῃι.
797 4205 801 4212 ·

358 4283 404 4340 20.
447 4301 506 4359 pro¹
522 4287 571 4341 τοῦ
592 4283 670 4362 ἁγίου
691 4283 902 4361 φροντωτηρίου
925 4281 1022 4341 τούτου
1043 4282 1106 4358 lego
1129 4284 1177 4358 τῆς
1199 4282 1277 4359 ἁγίας

497 4384 582 4456 μονῆς
594 4379 700 4455 ταύτης.
