2910 5002
412 447 580 511 Peuces
606 447 929 512 QUOTIDIANAE.
1131 445 1195 506 331

145 615 196 677 13.
221 615 333 698 Dirige
355 636 491 698 gressus,
533 613 659 678 Ἴθυνον
681 614 766 701 ἴχνη.
814 615 916 700 [Paul.
941 614 1022 680 cxix.
1049 610 1137 697 133]

146 744 196 805 14.
220 743 289 806 Ure
310 763 413 820 renes,
459 741 602 827 νεφρούς.
649 741 750 826 [Psol.
775 742 856 805 xxvi.
880 741 927 824 2.]

146 873 196 933 15.
220 869 352 951 confige
374 888 495 945 carnes,
540 864 673 952 criptas.
720 866 822 951 [Paul.
846 867 927 930 cxix.
952 867 1040 952 120.]

147 997 197 1061 16.
221 996 326 1060 'Prahe
348 1016 400 1059 me
422 1001 494 1079 post
516 995 572 1073 Te,
618 991 737 1075 εῖλξον.
764 977 895 1077 ’[Οαηί.
917 994 941 1057 1.
962 993 1008 1078 4.]

147 1127 198 1188 17.
222 1124 264 1187 In
287 1143 377 1186 camo
400 1121 592 1204 constringe.
639 1121 745 1205 [Paul.
767 1121 862 1184 xxxii.
887 1121 932 1206 9.]

149 1253 197 1313 18.
222 1238 311 1313 Pone
332 1270 385 1312 me
403 1249 499 1332 juxta
519 1248 574 1312 Te.
623 1247 708 1332 [Job.
731 1249 806 1312 xvii.
829 1248 876 1332 3.]

148 1376 198 1440 19.
222 1375 275 1440 Ne
297 1377 338 1440 ad
359 1377 527 1455 vomitum,
571 1373 721 1462 ἐξέραμα.
769 1373 805 1461 [2
827 1374 896 1440 Pet.
918 1376 951 1468 ii.
974 1374 1043 1460 22]

148 1504 200 1566 20.
224 1503 277 1566 Ne
297 1502 445 1579 tentatio,
468 1501 531 1564 nisi
553 1501 702 1565 humana.
751 1500 783 1585 [1
811 1502 881 1566 Gor.
904 1524 935 1566 x.
960 1502 1027 1585 13.]

147 1632 198 1694 21.
221 1632 275 1694 Ne
295 1631 441 1714 proficiat
461 1629 621 1693 inimicus.
668 1628 767 1712 [Paul.
791 1628 908 1692 lxxxix.
931 1630 1000 1714 22]

149 1761 201 1823 22.
224 1760 278 1824 Nc
300 1780 351 1823 mc
373 1759 553 1841 immergat.
602 1757 706 1841 [Peal.
730 1757 806 1820 lxix.
832 1756 898 1840 15.]

381 1884 457 1968 Sopi
479 1884 589 1967 spinis.
637 1882 727 1967 [Hos.
751 1883 785 1947 ii.
809 1882 856 1969 6.]

556 2009 747 2089 occasiones,

382 2077 507 2139 Amore
519 2028 553 2205 [

556 2138 716 2202 scandala.
804 2213 808 2221 Ι

565 2367 658 2438 Quies
679 2366 799 2428 anime.

153 2524 270 2587 Adhuc
292 2529 459 2604 peccatum
482 2520 618 2584 excubat
640 2539 705 2603 prae
727 2517 859 2582 foribus.
907 2518 984 2582 Gen.
1007 2518 1049 2583 iv.
1074 2524 1105 2585 7.

153 2653 232 2715 Non
254 2650 394 2713 delerem
415 2655 546 2732 propter
567 2647 689 2712 decem.
736 2646 812 2708 Gen.
836 2645 920 2708 xviii.
944 2648 997 2710 32.

156 2783 197 2844 In
219 2785 329 2843 monte
350 2777 529 2862 providebit
552 2775 722 2840 Dominus.
770 2773 845 2836 Gerr.
869 2773 943 2836 xxii.
969 2773 1048 2858 [lca]

157 2905 357 2983 Dominator,
375 2904 534 2968 Dominus
549 2904 649 2979 Deus,
665 2899 844 2964 misericors
859 2907 892 2963 et
907 2899 1057 2978 clemens,
1073 2901 1208 2984 patiens,

176 2992 181 3007 Ι
200 3040 233 3096 et
255 3032 365 3095 multae
387 3029 609 3106 miserationis,
626 3048 663 3091 cc
676 3048 780 3105 verax,
798 3026 854 3110 qui
875 3026 1015 3091 custodis
1030 3028 1210 3093 misericor·

201 3159 288 3223 diam
309 3159 344 3222 in
366 3158 476 3235 millia,
493 3157 548 3238 qui
569 3155 675 3219 aufers
696 3155 903 3238 iniquitatem
924 3163 957 3219 et
979 3155 1099 3220 scelera
1114 3162 1210 3239 atque

201 3291 342 3368 peccata.
388 3283 493 3346 Ecod.
516 3282 623 3346 xxxiv.
643 3282 674 3360 6,
700 3280 761 3365 [7.]

159 3410 363 3493 Affiigcntur,
388 3408 490 3472 donec
512 3407 737 3495 confiteantur,
781 3407 855 3471 Leo.
879 3407 962 3471 xxvi.
985 3409 1039 3474 29.

160 3539 243 3602 Cum
265 3535 463 3613 erubescent,
485 3543 564 3598 tunc
585 3534 735 3613 orabunt,
782 3534 899 3619 [Vera]
923 3538 979 3601 41.

160 3665 204 3728 Et
224 3661 415 3727 recordabor
434 3661 564 3726 foederis
585 3661 659 3725 mei.
706 3661 825 3745 [Vera]
848 3663 902 3727 42.

163 3796 245 3859 Cum
259 3791 407 3858 venerint
422 3811 516 3874 super
536 3799 571 3854 te
592 3790 686 3869 mala,
703 3797 735 3852 et
758 3789 872 3853 ductus
893 3790 1095 3874 poenitudine
1110 3793 1217 3857 cordis

205 3919 256 3983 tui
276 3939 421 3982 reversus
443 3917 543 3981 fueris
566 3916 607 3980 ad
623 3918 740 3994 Deum,
760 3915 966 3980 miserebitur
988 3917 1048 3997 tui,
1063 3924 1097 3982 et
1118 3919 1217 3984 bene-

207 4045 291 4110 dicet
305 4045 375 4123 tibi,
392 4052 425 4110 et
440 4044 646 4110 circumcidet
660 4065 715 4108 cor
729 4051 833 4124 tuum,
848 4051 886 4109 ut
901 4045 1014 4129 diligas
1029 4047 1217 4113 Dominum·
1353 4069 1356 4075 ’

207 4175 300 4265 Dect.
323 4194 396 4237 xxx.
422 4174 451 4252 1,
478 4172 523 4258 [2,
546 4176 578 4238 3.
603 4173 649 4257 6.]

165 4302 273 4366 Quare
303 4300 406 4363 tristis
440 4321 485 4376 es,
508 4300 616 4363 anima
638 4321 719 4380 mea,
742 4309 775 4364 et
808 4322 906 4385 quare
939 4302 1111 4367 conturbas
1142 4303 1219 4365 mc?

212 4424 313 4511 [Pral.
336 4424 402 4488 xlii.
429 4421 493 4507 12.]
