2910 5002
261 437 326 498 298
535 437 704 501 Pudens
729 435 1050 502 QUOTIDIANAE.

263 603 392 668 Memor
413 608 483 667 esto
504 603 621 686 hujus:
646 602 803 667 Inimicus
823 600 1055 686 improperavit,

348 732 500 811 Domin0,
523 739 556 796 et
578 732 715 816 populus
737 731 893 815 insipiens
914 729 1062 796 incitavit

435 880 554 924 nomen
577 860 692 923 Tuum.
740 859 829 923 Paul.
852 858 947 922 lxxiv.
974 857 1025 921 18.

264 982 421 1066 Superbia
440 1005 551 1047 eorum
574 983 629 1066 qui
646 984 692 1046 'Pe
710 982 848 1046 oderunt
863 982 1006 1048 ascendit
1022 1001 1155 1064 semper.
1179 978 1248 1044 Ver.
1263 979 1320 1044 23.

262 1111 381 1174 Dicent
403 1112 549 1197 AEgyptii
560 1139 570 1191 ;
596 1111 720 1178 Callida
743 1111 855 1176 eduxit
878 1133 943 1190 eoa,
987 1111 1093 1174 and.
1115 1109 1211 1174 xxxii.
1236 1109 1287 1175 12.

306 1245 343 1301 ut
365 1239 560 1304 interficeret
581 1240 617 1302 in
638 1239 804 1304 montibus
826 1247 860 1302 et
882 1239 1003 1303 deleret
1024 1259 1043 1302 e
1064 1247 1158 1305 terra.

263 1364 381 1430 Dicent
404 1367 578 1431 Chananaei
589 1394 599 1447 ;
631 1368 709 1432 Nou
730 1373 855 1450 poterat
883 1365 1088 1432 introducere
1109 1364 1263 1450 populum
1285 1362 1322 1427 in

238 1546 241 1553 .
305 1500 424 1556 terram
447 1515 505 1577 pro
528 1516 590 1577 qua
609 1495 781 1579 juraverat,

350 1621 469 1686 idcirco
492 1622 607 1688 occidit
630 1623 741 1686 cosin
763 1621 945 1688 solitudine
993 1621 1100 1706 [Nam.
1124 1621 1184 1685 xiv.
1210 1619 1277 1702 16.]

458 1937 501 2019 [V
504 1936 546 2020 I.]
592 1954 634 2001 ux
656 1954 757 2001 muru
780 1953 1018 2014 cousnoumrrs
1040 1952 1128 1999 nour.

611 2167 668 2252 [L]
696 2168 808 2231 Gloria
831 2169 973 2232 nominis.

263 2307 398 2387 Propter
419 2303 553 2387 gloriam
576 2305 717 2369 nominis
739 2305 810 2383 Tui,
834 2305 985 2383 Domine,

349 2432 466 2496 Libera
487 2454 555 2496 nos.
602 2433 686 2496 Paul.
711 2433 805 2497 lxxix.
830 2435 860 2496 9.

262 2560 333 2624 Nos
354 2561 490 2643 populus
513 2562 602 2624 Tuus
625 2561 850 2625 confitebimur
872 2561 944 2626 'Iibi
966 2561 1001 2624 in
1024 2562 1200 2625 saeculum:

261 2688 303 2752 In
326 2688 565 2772 generationem
588 2697 620 2752 et
643 2690 884 2773 generationem

348 2817 615 2884 annunciabimna
637 2818 765 2884 laudern
788 2820 900 2882 Tuam.
955 2817 1021 2881 Ver.
1048 2818 1098 2882 13.

581 3116 637 3200 [2.]
666 3116 830 3180 Conversio
853 3118 996 3181 oliorum.

263 3269 392 3333 Docebo
414 3271 540 3353 iniquos
561 3271 628 3335 vias
649 3271 744 3349 Trras,
767 3279 801 3334 et
823 3271 914 3354 impii

346 3397 387 3461 ad
409 3400 455 3463 Te
477 3408 711 3463 convertentur.
757 3402 845 3463 Paul.
869 3400 901 3463 li.
928 3403 978 3464 13.

651 3646 708 3730 [3.]
733 3647 929 3728 Eremplum.

261 3799 325 3863 Sed
347 3798 419 3862 ideo
441 3798 689 3864 misericordiam
712 3807 904 3864 consecutus
927 3822 1009 3879 sum,
1024 3806 1062 3862 ut
1084 3800 1119 3862 in
1140 3821 1193 3864 me
1213 3798 1317 3883 primo

346 3927 529 3991 ostenderet
553 3929 702 3993 Christus
725 3929 745 3992 J
748 3950 821 3994 caua
839 3950 968 3993 omnem
988 3928 1179 4011 patientiam
1202 3928 1244 3992 ad
1265 3927 1315 3991 in-

347 4055 572 4120 formationem
595 4079 706 4122 eorum
728 4057 785 4140 qui
807 4055 960 4125 credituri
982 4062 1059 4123 sunt
1081 4057 1137 4121 Illi
1158 4057 1194 4122 in
1216 4055 1315 4120 vitam

344 4189 506 4247 aeternam.
555 4182 570 4243 l
599 4183 674 4246 itm.
699 4183 720 4246 i.
746 4186 795 4247 16.
