2910 5002
397 441 566 506 PREOES
591 439 907 508 QUOTIDIANAE.
1148 444 1210 508 167

371 611 542 690 Memoria,
566 617 599 673 et
620 611 754 688 mentio,

370 746 403 801 et
425 756 520 802 omne
542 736 728 801 memoriale
750 736 829 819 ejus,

457 871 490 928 et
511 884 599 927 nune

414 996 448 1053 et
468 990 504 1053 in
526 990 652 1055 eaeoule.

201 1242 331 1326 Dignus
354 1264 388 1307 es
411 1243 554 1328 aooipere
575 1243 707 1322 librum,

244 1377 277 1434 et
300 1369 423 1454 aperire
445 1369 610 1454 signacula
632 1371 711 1454 ejus,

159 1497 322 1564 Quoniam
344 1496 469 1562 occisus
492 1518 536 1576 eo,
559 1504 592 1562 et
609 1475 779 1561 ¹redemisti
800 1518 860 1560 nos
882 1498 954 1561 Deo

330 1625 367 1689 in
389 1625 546 1709 sanguine
568 1632 636 1704 tuo,

244 1774 284 1817 ex
306 1753 397 1818 omni
418 1752 517 1832 tribu,
540 1759 574 1817 et
595 1751 717 1836 lingue,

331 1887 364 1944 et
385 1880 514 1965 populo,
538 1887 572 1944 et
593 1879 735 1944 notione.
779 1880 878 1962 Apoc.
901 1902 930 1944 v.
953 1885 983 1946 9.

160 2006 288 2090 Dignus
310 2013 359 2070 eet
380 2007 496 2090 Agnus
518 2005 573 2089 qui
595 2005 719 2069 ooeiene
740 2012 789 2070 est

203 2135 345 2219 aoeipere
367 2133 531 2212 virtutem,
555 2138 588 2197 et
610 2131 747 2212 divitiae,
770 2140 803 2197 et
824 2133 1026 2218 sapientiam,

246 2269 280 2326 et
300 2261 537 2341 fortitudinem,
561 2267 594 2325 et
616 2261 783 2341 honorem,
807 2269 840 2325 et
862 2262 1008 2346 gloriam,

376 2395 410 2452 et
430 2387 697 2454 benedictionem.
744 2388 851 2472 [Vere.
875 2375 942 2472 12.]

164 2515 297 2580 Sedenti
318 2517 354 2581 in
375 2516 504 2595 throno,
528 2525 562 2580 et
583 2517 680 2600 Agno

204 2642 396 2723 benedictio,
419 2649 453 2708 et
474 2643 588 2722 honor,
611 2650 645 2707 et
666 2643 778 2727 glorie,
801 2651 835 2708 et
856 2650 998 2729 potestne

375 2769 412 2834 in
435 2769 552 2834 secula
573 2770 773 2851 saeculorum,

462 2897 580 2961 Amen.
627 2895 734 2981 [Vere.
757 2897 825 2982 le]

442 3023 536 3089 Saluo
559 3025 630 3089 Deo
652 2997 763 3090 nostro

364 3151 431 3218 Qui
452 3151 542 3217 sedet
564 3173 661 3236 super
681 3153 847 3232 thronum,

521 3285 555 3343 et
576 3280 681 3362 Agno,

549 3407 666 3472 Amen.
714 3407 826 3492 [Apo'c.
849 3408 902 3474 vii.
927 3410 995 3494 10.]

161 3532 360 3612 Benedictio,
383 3540 417 3596 et
438 3533 578 3614 claritas,
601 3543 635 3600 et
657 3535 825 3620 sapientia,

248 3667 281 3726 et
303 3659 478 3747 gratiorem
500 3661 595 3741 ectio,
618 3670 651 3727 et
673 3663 787 3742 honor,

333 3796 367 3854 et
388 3788 500 3868 virtus,
522 3798 556 3854 et
578 3791 744 3870 fortitudo,

379 3919 450 3983 Deo
471 3926 591 4000 nostro,

419 4044 454 4106 in
476 4043 593 4108 saeoule

281 4244 285 4252 ⁸
381 4173 581 4252 soeculorum,

422 4299 541 4364 Amen.
592 4298 697 4380 [Vere.
724 4297 790 4380 12.]
