2910 5002
439 442 610 510 PRECES
636 440 955 510 QUOTIDIANAE.
1158 441 1223 507 369

154 610 281 694 “Am
305 607 405 692 όγιοτ,
428 607 529 692 όγιος,
554 607 653 697 Κόριε
676 607 694 673 6
717 607 798 678 Θεὸς
819 605 838 674 6
859 606 1101 695 παντοκράτωρ,
1133 606 1150 672 6
1175 606 1223 688 ἦν,

251 737 306 804 καί
327 737 346 802 6
370 736 423 817 (ὸν,
446 737 501 803 καί
522 735 540 804 6
562 735 744 826 ἐρχόμενος.
788 738 886 820 Αροα.
909 736 950 801 iv.
973 738 1004 801 8.

161 863 394 941 ἈΓΓΕΛΩΝ.
434 863 547 948 Ἀξιὸν
568 863 640 930 ἐστι
660 868 699 930 τὸ
717 862 845 952 Ἀρνίον
866 862 904 928 τὸ
933 859 1137 948 ἐσφαγμένον
1158 871 1218 927 λα·

249 995 323 1074 βεῖν
344 993 403 1076 τὸν
422 992 565 1085 δύναμιν,Ι
582 993 639 1060 καὶ
658 995 811 1068 πλοῦτον,
828 991 883 1058 καί
897 989 1027 1079 σοφίαν,
1037 990 1101 1056 καὶ
1115 989 1222 1079 ἰσχὺν,

250 1121 305 1187 καὶ
325 1120 430 1203 τιμὴν,
454 1119 510 1186 καί
530 1119 636 1204 δόξανγ
659 1120 715 1197 καὶ
737 1118 893 1204 εὐλογίαν.
938 1122 1036 1206 Αροο.
1061 1144 1089 1185 τ.
1115 1120 1167 1185 12.

165 1248 435 1316 κτιΣΜΑΤοΝ
458 1216 664 1323 ΠΑΝΤωΝς
706 1248 941 1337 Τραοημοφ
957 1247 1013 1316 επὶ
1026 1250 1083 1314 τοο
1099 1247 1220 1335 θρόνου,

250 1377 305 1444 καὶ
329 1383 376 1467 τῷ
403 1376 531 1467 Ἀρνίῳ,
553 1373 574 1458 ἡ
598 1374 738 1460 εὐλογία,
761 1376 817 1443 καὶ
844 1376 865 1460 ἡ
894 1379 983 1462 τιμὴ,
1015 1375 1111 1460 καὶὴ
1133 1375 1221 1460 δόξα,

250 1504 305 1570 καί
326 1503 365 1570 τὸ
388 1503 504 1593 κράτος
526 1502 571 1574 εἰς
592 1503 667 1573 τούς
696 1501 812 1574 accam
840 1507 905 1569 τῶν
932 1502 1064 1572 αἰώνων.
1109 1500 1222 1586 Ἀμήν.

254 1636 340 1698 Vere.
365 1632 416 1696 13.

159 1758 253 1822 ΤΩΝ
288 1758 547 1822 ΜΑΡἸῪΡΩΝ.
599 1754 644 1821 ‘H
677 1755 821 1842 σωτηρῶ
856 1757 903 1844 τῷ
935 1755 1010 1843 Θεῷ
1042 1754 1140 1839 ἡμῶν,
1175 1759 1222 1843 τῷ

247 1884 416 1973 καθημένῳ
429 1883 486 1951 ε’πὶ
500 1887 557 1950 τοῦ
568 1883 703 1972 Θρόνον,
720 1882 775 1949 καὶ
789 1882 970 1972 τῷἈρνίρ.
993 1885 1091 1967 Apoc.
1102 1884 1154 1948 vii.
1167 1887 1218 1950 10.

162 2012 275 2097 Ἀμήν
298 2011 317 2095 ἡ
341 2011 481 2095 εὐλογία,
504 2011 600 2095 καὶὴ
624 2010 712 2096 δόξα,
735 2011 790 2078 καὶ
810 2009 831 2093 ἡ
854 2011 966 2098 σοφία,
989 2010 1044 2077 καί
1071 2009 1092 2094 ἡ
1123 2008 1220 2100 εὐχα-

247 2138 368 2227 ριστία,
390 2137 446 2204 καὶ
467 2137 487 2222 ἡ
510 2138 599 2222 τιμὴ,
621 2139 677 2205 καὶ
704 2137 726 2221 ἦ
755 2137 893 2222 δύναμιν,
916 2136 972 2203 καὶ
1000 2137 1021 2220 ἦ
1052 2136 1148 2226 ἰσχὸς
1174 2141 1220 2226 τῷ

248 2268 323 2354 Θεῷ
350 2264 449 2349 ἡμῶν,
484 2265 528 2338 εἰς
558 2263 632 2336 τοὸτ
664 2263 780 2334 αἰῶνας
814 2266 879 2332 τῶν
914 2264 1046 2332 αἰώνων.
1104 2264 1217 2350 Ἀμήν.

252 2396 340 2460 Vera.
365 2397 416 2460 12.

162 2525 254 2588 ΤΩΝ
272 2522 356 2589 ΚΔ’.
372 2521 714 2589 ΠΡΕΣΒΤΤΕΡΩΝ.
754 2521 1024 2613 Εὐχαριστοῦμέν
1037 2547 1103 2600 σοι,
1119 2520 1220 2610 Κόριε

247 2652 265 2719 6
294 2651 374 2722 Θεὸς
403 2649 421 2716 ό
451 2650 694 2740 παντοκράτωρ,
717 2651 735 2716 6
756 2650 808 2727 ὢν,
830 2651 886 2718 καὶ
914 2651 932 2717 6
961 2650 1013 2734 ην,
1037 2650 1092 2717 καί
1120 2650 1138 2716 6
1167 2648 1219 2740 ε’ρ-

246 2777 392 2867 χόμενος,
415 2776 465 2842 ότι
487 2776 625 2862 εἴληφας
652 2776 714 2870 τὸν
742 2775 876 2860 δύναμιν
903 2777 963 2860 τὴν
985 2776 1141 2860 μεγάλην,
1165 2777 1219 2842 καὶ

247 2905 477 2987 ἐβασίλευσας.
524 2907 634 2993 [Αροο.
658 2907 700 2972 xi.
727 2907 793 2992 17.]

159 3034 515 3102 ἘΠΙΘΑΛΑΜΙΟΝ.
560 3031 686 3098 Αἰνεῖτε
715 3029 770 3098 τὸν
799 3029 884 3098 Θεὸν
913 3030 1011 3115 ἡμῶν,
1041 3029 1159 3102 πάντες
1188 3032 1221 3098 οἱ

247 3161 357 3228 δοῦλοι
378 3160 485 3236 αὐτοῦ,
503 3159 558 3225 καὶ
579 3159 612 3226 οἰ
631 3159 829 3247 φοβούμενοι
849 3159 955 3242 αὐτὸν,
974 3158 1006 3225 οἰ
1024 3160 1142 3248 μικροὶ,
1163 3161 1218 3226 καὶ

247 3287 280 3354 οἰ
297 3286 443 3373 μεγάλοι.
489 3287 660 3376 Χαίρωμεν
688 3289 742 3355 καὶ
771 3287 1004 3372 άγαλλιάμεθα
1032 3287 1088 3354 καὶ
1116 3286 1219 3370 δῶμεν

247 3416 306 3498 τὴν
336 3415 434 3499 δόξαν
461 3415 558 3505 αὐτῷ,
591 3416 642 3483 ότι
672 3416 771 3502 ἦλθεν
800 3416 818 3482 6
850 3416 953 3501 γάμος
986 3419 1043 3483 τοῦ
1079 3415 1215 3504 Ἀρνίον.

244 3545 343 3628 Αροο.
368 3545 430 3609 xix.
455 3549 485 3610 5.
510 3550 539 3613 7.

160 3672 327 3759 Μακάριοι
362 3670 394 3737 οἱ
428 3671 473 3744 εἰς
509 3671 546 3738 τὸ
587 3671 716 3741 δεῖπνον
751 3675 808 3741 τοῦ
844 3673 975 3762 Ἀρνίον
1008 3672 1205 3755 κεκλημένοι.

248 3802 353 3886 [Vm.
376 3803 425 3886 9.]
