<?xml version="1.0" encoding="UTF-8"?>
<!DOCTYPE html PUBLIC "-//W3C//DTD XHTML 1.0 Transitional//EN"
    "http://www.w3.org/TR/xhtml1/DTD/xhtml1-transitional.dtd">
<html xmlns="http://www.w3.org/1999/xhtml" xml:lang="en" lang="en">
 <head>
  <title>
</title>
<meta http-equiv="Content-Type" content="text/html;charset=utf-8" />
  <meta name='ocr-system' content='tesseract 3.04.00' />
  <meta name='ocr-capabilities' content='ocr_page ocr_carea ocr_par ocr_line ocrx_word'/>
</head>
<body>
  <div class='ocr_page' id='page_1' title='image "./precesprivataeq00andrgoog_0057.png"; bbox 0 0 2910 5002; ppageno 0'>
   <div class='ocr_carea' id='block_1_1' title="bbox 417 452 1202 521">
    <p class='ocr_par' dir='ltr' id='par_1_1' title="bbox 417 452 1202 521">
     <span class='ocr_line' id='line_1_1' title="bbox 417 452 1202 521; baseline 0.006 -5"><span class='ocrx_word' id='word_1_1' title='bbox 417 452 586 517; x_wconf 85' lang='lat' dir='ltr'><strong>PRECES</strong></span> <span class='ocrx_word' id='word_1_2' title='bbox 611 453 927 519; x_wconf 74' lang='lat' dir='ltr'><strong>QUOTIDIANAE.</strong></span> <span class='ocrx_word' id='word_1_3' title='bbox 1159 458 1202 521; x_wconf 80' lang='lat'><strong>39</strong></span> 
     </span>
    </p>
   </div>
   <div class='ocr_carea' id='block_1_2' title="bbox 143 623 1320 3259">
    <p class='ocr_par' dir='ltr' id='par_1_2' title="bbox 143 623 1320 3259">
     <span class='ocr_line' id='line_1_2' title="bbox 236 623 928 708; baseline 0.001 -21"><span class='ocrx_word' id='word_1_4' title='bbox 236 623 353 687; x_wconf 83' lang='lat' dir='ltr'><strong>Coram</strong></span> <span class='ocrx_word' id='word_1_5' title='bbox 374 645 427 688; x_wconf 90' lang='lat' dir='ltr'><strong>me</strong></span> <span class='ocrx_word' id='word_1_6' title='bbox 449 632 526 688; x_wconf 83' lang='lat' dir='ltr'><strong>aunt</strong></span> <span class='ocrx_word' id='word_1_7' title='bbox 548 645 683 708; x_wconf 83' lang='lat' dir='ltr'><strong>semper.</strong></span> <span class='ocrx_word' id='word_1_8' title='bbox 728 625 816 690; x_wconf 80' lang='lat' dir='ltr'><strong>Paal.</strong></span> <span class='ocrx_word' id='word_1_9' title='bbox 839 626 873 688; x_wconf 91' lang='lat' dir='ltr'><strong>li.</strong></span> <span class='ocrx_word' id='word_1_10' title='bbox 896 628 928 688; x_wconf 86' lang='grc'><strong>3.</strong></span> 
     </span>
     <span class='ocr_line' id='line_1_3' title="bbox 143 747 1176 832; baseline 0.006 -20"><span class='ocrx_word' id='word_1_11' title='bbox 143 747 307 832; x_wconf 83' lang='lat' dir='ltr'><strong>Recogita</strong></span> <span class='ocrx_word' id='word_1_12' title='bbox 328 772 367 814; x_wconf 89' lang='lat' dir='ltr'><strong>ea</strong></span> <span class='ocrx_word' id='word_1_13' title='bbox 387 751 423 815; x_wconf 91' lang='lat' dir='ltr'><strong>in</strong></span> <span class='ocrx_word' id='word_1_14' title='bbox 445 752 660 816; x_wconf 80' lang='lat' dir='ltr'><strong>amaritudine</strong></span> <span class='ocrx_word' id='word_1_15' title='bbox 682 752 799 816; x_wconf 85' lang='lat' dir='ltr'><strong>animae</strong></span> <span class='ocrx_word' id='word_1_16' title='bbox 821 775 911 817; x_wconf 89' lang='lat' dir='ltr'><strong>meae.</strong></span> <span class='ocrx_word' id='word_1_17' title='bbox 956 754 1026 818; x_wconf 87' lang='lat' dir='ltr'><strong>Jod.</strong></span> <span class='ocrx_word' id='word_1_18' title='bbox 1050 755 1100 818; x_wconf 86' lang='lat' dir='ltr'><strong>vii.</strong></span> <span class='ocrx_word' id='word_1_19' title='bbox 1126 758 1176 818; x_wconf 93' lang='lat' dir='ltr'><strong>ll.</strong></span> 
     </span>
     <span class='ocr_line' id='line_1_4' title="bbox 192 875 930 964; baseline 0.001 -21"><span class='ocrx_word' id='word_1_20' title='bbox 192 875 421 945; x_wconf 74' lang='lat' dir='ltr'><strong>Diecmciabor</strong></span> <span class='ocrx_word' id='word_1_21' title='bbox 443 901 501 964; x_wconf 89' lang='lat' dir='ltr'><strong>pro</strong></span> <span class='ocrx_word' id='word_1_22' title='bbox 521 880 571 957; x_wconf 83' lang='lat' dir='ltr'><strong>iia,</strong></span> <span class='ocrx_word' id='word_1_23' title='bbox 616 881 704 942; x_wconf 81' lang='lat' dir='ltr'><strong>Paol.</strong></span> <span class='ocrx_word' id='word_1_24' title='bbox 728 880 853 943; x_wconf 89' lang='lat' dir='ltr'><strong>xxxviii.</strong></span> <span class='ocrx_word' id='word_1_25' title='bbox 880 884 930 944; x_wconf 89' lang='lat'><strong>18.</strong></span> 
     </span>
     <span class='ocr_line' id='line_1_5' title="bbox 193 1003 833 1091; baseline 0.003 -23"><span class='ocrx_word' id='word_1_26' title='bbox 193 1003 351 1070; x_wconf 80' lang='lat' dir='ltr'><strong>Reversus</strong></span> <span class='ocrx_word' id='word_1_27' title='bbox 372 1007 558 1091; x_wconf 74' lang='lat' dir='ltr'><strong>ingemiseo,</strong></span> <span class='ocrx_word' id='word_1_28' title='bbox 604 1006 661 1069; x_wconf 78' lang='lat' dir='ltr'><strong>Ee.</strong></span> <span class='ocrx_word' id='word_1_29' title='bbox 685 1028 755 1069; x_wconf 89' lang='lat' dir='ltr'>xxx.</span> <span class='ocrx_word' id='word_1_30' title='bbox 783 1009 833 1070; x_wconf 86' lang='lat'><strong>15.</strong></span> 
     </span>
     <span class='ocr_line' id='line_1_6' title="bbox 199 1132 700 1219; baseline -0.014 -18"><span class='ocrx_word' id='word_1_31' title='bbox 199 1136 370 1219; x_wconf 80' lang='lat' dir='ltr'>Indignor,</span> <span class='ocrx_word' id='word_1_32' title='bbox 420 1133 457 1218; x_wconf 78' lang='lat'><strong>[2</strong></span> <span class='ocrx_word' id='word_1_33' title='bbox 476 1133 546 1197; x_wconf 80' lang='lat' dir='ltr'><strong>Cor.</strong></span> <span class='ocrx_word' id='word_1_34' title='bbox 562 1132 615 1196; x_wconf 84' lang='lat' dir='ltr'><strong>vii.</strong></span> <span class='ocrx_word' id='word_1_35' title='bbox 634 1132 700 1215; x_wconf 90' lang='lat'>11.]</span> 
     </span>
     <span class='ocr_line' id='line_1_7' title="bbox 193 1260 515 1345; baseline -0.025 -14"><span class='ocrx_word' id='word_1_36' title='bbox 193 1264 352 1340; x_wconf 75' lang='lat' dir='ltr'><strong>Ulciscor,</strong></span> <span class='ocrx_word' id='word_1_37' title='bbox 403 1260 515 1345; x_wconf 77' lang='lat' dir='ltr'><strong>[idid]</strong></span> 
     </span>
     <span class='ocr_line' id='line_1_8' title="bbox 195 1386 574 1477; baseline -0.021 -20"><span class='ocrx_word' id='word_1_38' title='bbox 195 1395 271 1477; x_wconf 77' lang='lat' dir='ltr'><strong>Ipse</strong></span> <span class='ocrx_word' id='word_1_39' title='bbox 292 1410 344 1453; x_wconf 91' lang='lat' dir='ltr'><strong>me</strong></span> <span class='ocrx_word' id='word_1_40' title='bbox 366 1386 574 1472; x_wconf 80' lang='lat' dir='ltr'><strong>reprehendo,</strong></span> 
     </span>
     <span class='ocr_line' id='line_1_9' title="bbox 193 1515 1100 1603; baseline -0.004 -19"><span class='ocrx_word' id='word_1_41' title='bbox 193 1517 366 1603; x_wconf 78' lang='lat' dir='ltr'><strong>vilipendo</strong></span> <span class='ocrx_word' id='word_1_42' title='bbox 388 1522 422 1580; x_wconf 86' lang='lat' dir='ltr'><strong>et</strong></span> <span class='ocrx_word' id='word_1_43' title='bbox 444 1515 566 1597; x_wconf 82' lang='lat' dir='ltr'><strong>castigo</strong></span> <span class='ocrx_word' id='word_1_44' title='bbox 588 1515 755 1597; x_wconf 87' lang='lat' dir='ltr'><strong>meipsum.</strong></span> <span class='ocrx_word' id='word_1_45' title='bbox 808 1515 839 1598; x_wconf 91' lang='lat' dir='ltr'><strong>[l</strong></span> <span class='ocrx_word' id='word_1_46' title='bbox 870 1517 939 1578; x_wconf 83' lang='lat' dir='ltr'><strong>Cor.</strong></span> <span class='ocrx_word' id='word_1_47' title='bbox 964 1517 1006 1578; x_wconf 86' lang='lat' dir='ltr'><strong>ix.</strong></span> <span class='ocrx_word' id='word_1_48' title='bbox 1031 1517 1100 1599; x_wconf 69' lang='grc'><strong>27]</strong></span> 
     </span>
     <span class='ocr_line' id='line_1_10' title="bbox 283 1643 968 1727; baseline -0.003 -18"><span class='ocrx_word' id='word_1_49' title='bbox 283 1644 380 1714; x_wconf 79' lang='lat' dir='ltr'><strong>Quod</strong></span> <span class='ocrx_word' id='word_1_50' title='bbox 401 1664 467 1706; x_wconf 92' lang='lat' dir='ltr'><strong>non</strong></span> <span class='ocrx_word' id='word_1_51' title='bbox 489 1643 601 1725; x_wconf 82' lang='lat' dir='ltr'><strong>magio,</strong></span> <span class='ocrx_word' id='word_1_52' title='bbox 626 1643 711 1724; x_wconf 93' lang='lat' dir='ltr'><strong>quod</strong></span> <span class='ocrx_word' id='word_1_53' title='bbox 733 1665 800 1706; x_wconf 88' lang='lat' dir='ltr'><strong>non</strong></span> <span class='ocrx_word' id='word_1_54' title='bbox 823 1645 968 1727; x_wconf 79' lang='lat' dir='ltr'><strong>amplius,</strong></span> 
     </span>
     <span class='ocr_line' id='line_1_11' title="bbox 151 1769 831 1852; baseline -0.009 -12"><span class='ocrx_word' id='word_1_55' title='bbox 151 1774 306 1852; x_wconf 90' lang='lat' dir='ltr'><strong>Domine,</strong></span> <span class='ocrx_word' id='word_1_56' title='bbox 330 1771 483 1848; x_wconf 82' lang='lat' dir='ltr'><strong>Poenitet,</strong></span> <span class='ocrx_word' id='word_1_57' title='bbox 507 1769 657 1848; x_wconf 82' lang='lat' dir='ltr'><strong>Paenitet,</strong></span> <span class='ocrx_word' id='word_1_58' title='bbox 683 1771 831 1849; x_wconf 87' lang='lat' dir='ltr'><strong>Domine,</strong></span> 
     </span>
     <span class='ocr_line' id='line_1_12' title="bbox 179 1899 797 1985; baseline -0.01 -19"><span class='ocrx_word' id='word_1_59' title='bbox 179 1928 182 1932; x_wconf 92' lang='lat'>·</span> <span class='ocrx_word' id='word_1_60' title='bbox 241 1901 368 1985; x_wconf 84' lang='lat' dir='ltr'><strong>Adjuva</strong></span> <span class='ocrx_word' id='word_1_61' title='bbox 388 1899 660 1983; x_wconf 71' lang='lat' dir='ltr'><strong>impoenitentiam</strong></span> <span class='ocrx_word' id='word_1_62' title='bbox 683 1919 797 1976; x_wconf 88' lang='lat' dir='ltr'><strong>meam,</strong></span> 
     </span>
     <span class='ocr_line' id='line_1_13' title="bbox 153 2026 651 2113; baseline -0.014 -18"><span class='ocrx_word' id='word_1_63' title='bbox 153 2032 198 2095; x_wconf 79' lang='lat' dir='ltr'><strong>Et</strong></span> <span class='ocrx_word' id='word_1_64' title='bbox 222 2029 325 2113; x_wconf 82' lang='lat' dir='ltr'><strong>magia</strong></span> <span class='ocrx_word' id='word_1_65' title='bbox 348 2026 454 2091; x_wconf 87' lang='lat' dir='ltr'><strong>adhuc</strong></span> <span class='ocrx_word' id='word_1_66' title='bbox 478 2026 651 2110; x_wconf 81' lang='lat' dir='ltr'><strong>magisque,</strong></span> 
     </span>
     <span class='ocr_line' id='line_1_14' title="bbox 242 2153 738 2240; baseline -0.01 -19"><span class='ocrx_word' id='word_1_67' title='bbox 242 2158 441 2240; x_wconf 83' lang='lat' dir='ltr'><strong>Compunge,</strong></span> <span class='ocrx_word' id='word_1_68' title='bbox 464 2153 585 2230; x_wconf 84' lang='lat' dir='ltr'><strong>scinde,</strong></span> <span class='ocrx_word' id='word_1_69' title='bbox 608 2161 738 2217; x_wconf 84' lang='lat' dir='ltr'><strong>contero</strong></span> 
     </span>
     <span class='ocr_line' id='line_1_15' title="bbox 416 2283 621 2347; baseline -0.015 0"><span class='ocrx_word' id='word_1_70' title='bbox 416 2283 481 2347; x_wconf 86' lang='lat' dir='ltr'><strong>Cor</strong></span> <span class='ocrx_word' id='word_1_71' title='bbox 502 2303 621 2345; x_wconf 91' lang='lat' dir='ltr'><strong>meum.</strong></span> 
     </span>
     <span class='ocr_line' id='line_1_16' title="bbox 155 2408 696 2492; baseline -0.011 -15"><span class='ocrx_word' id='word_1_72' title='bbox 155 2415 200 2477; x_wconf 78' lang='lat' dir='ltr'><strong>ut</strong></span> <span class='ocrx_word' id='word_1_73' title='bbox 223 2410 360 2488; x_wconf 81' lang='lat' dir='ltr'><strong>dimitte,</strong></span> <span class='ocrx_word' id='word_1_74' title='bbox 383 2408 526 2492; x_wconf 87' lang='lat' dir='ltr'><strong>indulge,</strong></span> <span class='ocrx_word' id='word_1_75' title='bbox 550 2408 696 2473; x_wconf 85' lang='lat' dir='ltr'><strong>condona</strong></span> 
     </span>
     <span class='ocr_line' id='line_1_17' title="bbox 201 2536 1320 2620; baseline -0.006 -15"><span class='ocrx_word' id='word_1_76' title='bbox 201 2541 282 2606; x_wconf 74' lang='lat' dir='ltr'><strong>Quae</strong></span> <span class='ocrx_word' id='word_1_77' title='bbox 295 2538 377 2602; x_wconf 87' lang='lat' dir='ltr'><strong>mihi</strong></span> <span class='ocrx_word' id='word_1_78' title='bbox 390 2538 425 2601; x_wconf 92' lang='lat' dir='ltr'><strong>in</strong></span> <span class='ocrx_word' id='word_1_79' title='bbox 441 2537 619 2620; x_wconf 81' lang='lat' dir='ltr'><strong>singultum</strong></span> <span class='ocrx_word' id='word_1_80' title='bbox 633 2536 683 2600; x_wconf 86' lang='lat' dir='ltr'><strong>vel</strong></span> <span class='ocrx_word' id='word_1_81' title='bbox 698 2537 881 2620; x_wconf 83' lang='lat' dir='ltr'><strong>scrupulum</strong></span> <span class='ocrx_word' id='word_1_82' title='bbox 898 2537 1009 2600; x_wconf 89' lang='lat' dir='ltr'><strong>cordis.</strong></span> <span class='ocrx_word' id='word_1_83' title='bbox 1047 2542 1061 2601; x_wconf 94' lang='lat' dir='ltr'><strong>l</strong></span> <span class='ocrx_word' id='word_1_84' title='bbox 1082 2540 1165 2601; x_wconf 84' lang='lat' dir='ltr'><strong>Sam.</strong></span> <span class='ocrx_word' id='word_1_85' title='bbox 1183 2561 1251 2602; x_wconf 85' lang='lat' dir='ltr'>xxv.</span> <span class='ocrx_word' id='word_1_86' title='bbox 1268 2537 1320 2598; x_wconf 83' lang='lat'><strong>31.</strong></span> 
     </span>
     <span class='ocr_line' id='line_1_18' title="bbox 156 2665 690 2743; baseline -0.009 -9"><span class='ocrx_word' id='word_1_87' title='bbox 156 2669 210 2734; x_wconf 85' lang='lat' dir='ltr'><strong>Ab</strong></span> <span class='ocrx_word' id='word_1_88' title='bbox 232 2667 365 2733; x_wconf 80' lang='lat' dir='ltr'><strong>occultis</strong></span> <span class='ocrx_word' id='word_1_89' title='bbox 386 2665 465 2728; x_wconf 81' lang='lat' dir='ltr'><strong>meis</strong></span> <span class='ocrx_word' id='word_1_90' title='bbox 487 2665 608 2729; x_wconf 86' lang='lat' dir='ltr'><strong>munda</strong></span> <span class='ocrx_word' id='word_1_91' title='bbox 628 2687 690 2743; x_wconf 91' lang='lat' dir='ltr'><strong>me,</strong></span> 
     </span>
     <span class='ocr_line' id='line_1_19' title="bbox 200 2793 1132 2875; baseline -0.003 -15"><span class='ocrx_word' id='word_1_92' title='bbox 200 2797 244 2860; x_wconf 85' lang='lat' dir='ltr'><strong>Et</strong></span> <span class='ocrx_word' id='word_1_93' title='bbox 266 2795 307 2858; x_wconf 92' lang='lat' dir='ltr'><strong>ab</strong></span> <span class='ocrx_word' id='word_1_94' title='bbox 329 2793 441 2857; x_wconf 86' lang='lat' dir='ltr'><strong>alienis</strong></span> <span class='ocrx_word' id='word_1_95' title='bbox 463 2813 557 2875; x_wconf 85' lang='lat' dir='ltr'><strong>parce</strong></span> <span class='ocrx_word' id='word_1_96' title='bbox 580 2813 670 2856; x_wconf 79' lang='lat' dir='ltr'><strong>servo</strong></span> <span class='ocrx_word' id='word_1_97' title='bbox 692 2800 758 2856; x_wconf 83' lang='lat' dir='ltr'><strong>tuo.</strong></span> <span class='ocrx_word' id='word_1_98' title='bbox 805 2795 892 2858; x_wconf 75' lang='lat' dir='ltr'><strong>Peol.</strong></span> <span class='ocrx_word' id='word_1_99' title='bbox 917 2795 978 2858; x_wconf 88' lang='lat' dir='ltr'>xix.</span> <span class='ocrx_word' id='word_1_100' title='bbox 1006 2799 1056 2872; x_wconf 83' lang='lat'><strong>12,</strong></span> <span class='ocrx_word' id='word_1_101' title='bbox 1081 2797 1132 2858; x_wconf 89' lang='lat'><strong>13.</strong></span> 
     </span>
     <span class='ocr_line' id='line_1_20' title="bbox 157 2920 986 3006; baseline -0.004 -17"><span class='ocrx_word' id='word_1_102' title='bbox 157 2924 298 2988; x_wconf 85' lang='lat' dir='ltr'><strong>Mirifioa</strong></span> <span class='ocrx_word' id='word_1_103' title='bbox 319 2920 568 2986; x_wconf 81' lang='lat' dir='ltr'><strong>misericordiam</strong></span> <span class='ocrx_word' id='word_1_104' title='bbox 589 2928 679 2983; x_wconf 76' lang='lat' dir='ltr'><strong>tuam</strong></span> <span class='ocrx_word' id='word_1_105' title='bbox 729 2922 832 3006; x_wconf 82' lang='lat' dir='ltr'><strong>[Paol.</strong></span> <span class='ocrx_word' id='word_1_106' title='bbox 848 2922 921 2985; x_wconf 90' lang='lat' dir='ltr'><strong>xvii.</strong></span> <span class='ocrx_word' id='word_1_107' title='bbox 940 2921 986 3004; x_wconf 88' lang='grc'><strong>7.]</strong></span> 
     </span>
     <span class='ocr_line' id='line_1_21' title="bbox 289 3048 804 3131; baseline -0.002 -19"><span class='ocrx_word' id='word_1_108' title='bbox 289 3050 377 3131; x_wconf 84' lang='lat' dir='ltr'><strong>Erga</strong></span> <span class='ocrx_word' id='word_1_109' title='bbox 398 3054 598 3129; x_wconf 86' lang='lat' dir='ltr'><strong>peecatorem</strong></span> <span class='ocrx_word' id='word_1_110' title='bbox 621 3048 804 3126; x_wconf 85' lang='lat' dir='ltr'><strong>admodum,</strong></span> 
     </span>
     <span class='ocr_line' id='line_1_22' title="bbox 160 3174 786 3259; baseline -0.01 -16"><span class='ocrx_word' id='word_1_111' title='bbox 160 3180 205 3243; x_wconf 76' lang='lat' dir='ltr'><strong>Et</strong></span> <span class='ocrx_word' id='word_1_112' title='bbox 226 3179 261 3241; x_wconf 94' lang='lat' dir='ltr'><strong>in</strong></span> <span class='ocrx_word' id='word_1_113' title='bbox 282 3184 427 3259; x_wconf 82' lang='lat' dir='ltr'><strong>tempore</strong></span> <span class='ocrx_word' id='word_1_114' title='bbox 449 3174 501 3238; x_wconf 89' lang='lat' dir='ltr'><strong>dio</strong></span> <span class='ocrx_word' id='word_1_115' title='bbox 523 3176 613 3253; x_wconf 90' lang='lat' dir='ltr'><strong>mihi,</strong></span> <span class='ocrx_word' id='word_1_116' title='bbox 637 3176 786 3254; x_wconf 89' lang='lat' dir='ltr'><strong>Domine,</strong></span> 
     </span>
    </p>
   </div>
   <div class='ocr_carea' id='block_1_3' title="bbox 160 3303 1146 3451">
    <p class='ocr_par' dir='ltr' id='par_1_3' title="bbox 160 3303 1146 3451">
     <span class='ocr_line' id='line_1_23' title="bbox 351 3303 1146 3387; baseline -0.003 -19"><span class='ocrx_word' id='word_1_117' title='bbox 351 3303 577 3368; x_wconf 81' lang='lat' dir='ltr'><strong>Remittuntur</strong></span> <span class='ocrx_word' id='word_1_118' title='bbox 598 3304 658 3368; x_wconf 90' lang='lat' dir='ltr'><strong>tibi</strong></span> <span class='ocrx_word' id='word_1_119' title='bbox 679 3312 810 3387; x_wconf 86' lang='lat' dir='ltr'><strong>peecata</strong></span> <span class='ocrx_word' id='word_1_120' title='bbox 831 3312 897 3368; x_wconf 87' lang='lat' dir='ltr'><strong>tua.</strong></span> <span class='ocrx_word' id='word_1_121' title='bbox 944 3307 1028 3368; x_wconf 86' lang='lat' dir='ltr'><strong>Mat.</strong></span> <span class='ocrx_word' id='word_1_122' title='bbox 1052 3305 1093 3368; x_wconf 90' lang='lat' dir='ltr'><strong>ix.</strong></span> <span class='ocrx_word' id='word_1_123' title='bbox 1118 3309 1146 3368; x_wconf 80' lang='lat'><strong>2.</strong></span> 
     </span>
     <span class='ocr_line' id='line_1_24' title="bbox 160 3373 306 3451; baseline -0.014 -13"><span class='ocrx_word' id='word_1_124' title='bbox 160 3373 306 3451; x_wconf 84' lang='lat' dir='ltr'><strong>Confido,</strong></span> 
     </span>
    </p>
   </div>
   <div class='ocr_carea' id='block_1_4' title="bbox 162 3442 1161 3907">
    <p class='ocr_par' dir='ltr' id='par_1_4' title="bbox 162 3442 1161 3907">
     <span class='ocr_line' id='line_1_25' title="bbox 355 3442 1084 3526; baseline 0 -20"><span class='ocrx_word' id='word_1_125' title='bbox 355 3442 481 3508; x_wconf 80' lang='lat' dir='ltr'><strong>Sufficit</strong></span> <span class='ocrx_word' id='word_1_126' title='bbox 503 3443 563 3507; x_wconf 85' lang='lat' dir='ltr'><strong>tibi</strong></span> <span class='ocrx_word' id='word_1_127' title='bbox 585 3444 689 3526; x_wconf 77' lang='lat' dir='ltr'><strong>gratia</strong></span> <span class='ocrx_word' id='word_1_128' title='bbox 710 3465 791 3522; x_wconf 88' lang='lat' dir='ltr'><strong>mea,</strong></span> <span class='ocrx_word' id='word_1_129' title='bbox 837 3449 857 3507; x_wconf 80' lang='lat'>2</span> <span class='ocrx_word' id='word_1_130' title='bbox 883 3447 951 3508; x_wconf 84' lang='lat' dir='ltr'><strong>Cor.</strong></span> <span class='ocrx_word' id='word_1_131' title='bbox 976 3446 1029 3508; x_wconf 89' lang='lat' dir='ltr'><strong>xii.</strong></span> <span class='ocrx_word' id='word_1_132' title='bbox 1053 3449 1084 3506; x_wconf 88' lang='lat'><strong>9.</strong></span> 
     </span>
     <span class='ocr_line' id='line_1_26' title="bbox 162 3566 1161 3653; baseline 0 -23"><span class='ocrx_word' id='word_1_133' title='bbox 162 3566 225 3630; x_wconf 91' lang='lat' dir='ltr'><strong>Dic</strong></span> <span class='ocrx_word' id='word_1_134' title='bbox 247 3567 363 3634; x_wconf 83' lang='lat' dir='ltr'><strong>animae</strong></span> <span class='ocrx_word' id='word_1_135' title='bbox 384 3592 474 3649; x_wconf 74' lang='lat' dir='ltr'><strong>meae,</strong></span> <span class='ocrx_word' id='word_1_136' title='bbox 499 3570 592 3634; x_wconf 73' lang='lat' dir='ltr'><strong>Saluo</strong></span> <span class='ocrx_word' id='word_1_137' title='bbox 615 3578 673 3633; x_wconf 84' lang='lat' dir='ltr'><strong>tua</strong></span> <span class='ocrx_word' id='word_1_138' title='bbox 694 3592 754 3653; x_wconf 89' lang='lat' dir='ltr'><strong>ego</strong></span> <span class='ocrx_word' id='word_1_139' title='bbox 777 3591 858 3634; x_wconf 83' lang='lat' dir='ltr'><strong>eum.</strong></span> <span class='ocrx_word' id='word_1_140' title='bbox 905 3574 993 3635; x_wconf 81' lang='lat' dir='ltr'><strong>Paul.</strong></span> <span class='ocrx_word' id='word_1_141' title='bbox 1016 3592 1106 3634; x_wconf 85' lang='lat' dir='ltr'>xxxv.</span> <span class='ocrx_word' id='word_1_142' title='bbox 1131 3573 1161 3630; x_wconf 89' lang='lat'><strong>3.</strong></span> 
     </span>
     <span class='ocr_line' id='line_1_27' title="bbox 208 3695 744 3761; baseline -0.002 -1"><span class='ocrx_word' id='word_1_143' title='bbox 208 3695 317 3761; x_wconf 79' lang='lat' dir='ltr'><strong>Quare</strong></span> <span class='ocrx_word' id='word_1_144' title='bbox 339 3696 440 3760; x_wconf 79' lang='lat' dir='ltr'><strong>tristis</strong></span> <span class='ocrx_word' id='word_1_145' title='bbox 462 3718 497 3759; x_wconf 82' lang='lat' dir='ltr'><strong>es</strong></span> <span class='ocrx_word' id='word_1_146' title='bbox 519 3697 627 3759; x_wconf 89' lang='lat' dir='ltr'><strong>anima</strong></span> <span class='ocrx_word' id='word_1_147' title='bbox 648 3698 744 3760; x_wconf 86' lang='lat' dir='ltr'><strong>mea?</strong></span> 
     </span>
     <span class='ocr_line' id='line_1_28' title="bbox 249 3824 1002 3907; baseline 0 -21"><span class='ocrx_word' id='word_1_148' title='bbox 249 3825 293 3887; x_wconf 79' lang='lat' dir='ltr'><strong>ut</strong></span> <span class='ocrx_word' id='word_1_149' title='bbox 315 3845 413 3907; x_wconf 77' lang='lat' dir='ltr'><strong>quare</strong></span> <span class='ocrx_word' id='word_1_150' title='bbox 436 3824 607 3889; x_wconf 83' lang='lat' dir='ltr'><strong>conturbas</strong></span> <span class='ocrx_word' id='word_1_151' title='bbox 631 3827 705 3887; x_wconf 84' lang='lat' dir='ltr'><strong>me?</strong></span> <span class='ocrx_word' id='word_1_152' title='bbox 751 3827 837 3888; x_wconf 76' lang='lat' dir='ltr'><strong>Paul.</strong></span> <span class='ocrx_word' id='word_1_153' title='bbox 861 3825 926 3887; x_wconf 88' lang='lat' dir='ltr'><strong>xlii.</strong></span> <span class='ocrx_word' id='word_1_154' title='bbox 952 3827 1002 3887; x_wconf 92' lang='lat' dir='ltr'><strong>ll.</strong></span> 
     </span>
    </p>
   </div>
   <div class='ocr_carea' id='block_1_5' title="bbox 163 3950 956 4035">
    <p class='ocr_par' dir='ltr' id='par_1_5' title="bbox 163 3950 956 4035">
     <span class='ocr_line' id='line_1_29' title="bbox 163 3950 956 4035; baseline 0.003 -22"><span class='ocrx_word' id='word_1_155' title='bbox 163 3950 368 4031; x_wconf 85' lang='lat' dir='ltr'><strong>Convertere,</strong></span> <span class='ocrx_word' id='word_1_156' title='bbox 392 3952 500 4016; x_wconf 88' lang='lat' dir='ltr'><strong>anima</strong></span> <span class='ocrx_word' id='word_1_157' title='bbox 520 3973 601 4030; x_wconf 88' lang='lat' dir='ltr'><strong>mea,</strong></span> <span class='ocrx_word' id='word_1_158' title='bbox 625 3951 660 4014; x_wconf 92' lang='lat' dir='ltr'><strong>in</strong></span> <span class='ocrx_word' id='word_1_159' title='bbox 682 3953 824 4035; x_wconf 89' lang='lat' dir='ltr'><strong>requiem</strong></span> <span class='ocrx_word' id='word_1_160' title='bbox 847 3960 936 4016; x_wconf 83' lang='lat' dir='ltr'><strong>tuam</strong></span> <span class='ocrx_word' id='word_1_161' title='bbox 947 3978 956 4028; x_wconf 90' lang='lat'>;</span> 
     </span>
    </p>
   </div>
   <div class='ocr_carea' id='block_1_6' title="bbox 254 4080 1100 4146">
    <p class='ocr_par' dir='ltr' id='par_1_6' title="bbox 254 4080 1100 4146">
     <span class='ocr_line' id='line_1_30' title="bbox 254 4080 1100 4146; baseline -0.005 -1"><span class='ocrx_word' id='word_1_162' title='bbox 254 4081 338 4146; x_wconf 80' lang='lat' dir='ltr'><strong>Quia</strong></span> <span class='ocrx_word' id='word_1_163' title='bbox 360 4080 519 4144; x_wconf 88' lang='lat' dir='ltr'><strong>Dominus</strong></span> <span class='ocrx_word' id='word_1_164' title='bbox 541 4080 718 4144; x_wconf 76' lang='lat' dir='ltr'><strong>benefaciet</strong></span> <span class='ocrx_word' id='word_1_165' title='bbox 741 4081 810 4144; x_wconf 88' lang='lat' dir='ltr'><strong>tibi.</strong></span> <span class='ocrx_word' id='word_1_166' title='bbox 858 4083 944 4145; x_wconf 75' lang='lat' dir='ltr'><strong>Paul.</strong></span> <span class='ocrx_word' id='word_1_167' title='bbox 968 4081 1046 4144; x_wconf 89' lang='lat' dir='ltr'>cxvi.</span> <span class='ocrx_word' id='word_1_168' title='bbox 1072 4083 1100 4143; x_wconf 89' lang='grc'><strong>7.</strong></span> 
     </span>
    </p>
   </div>
   <div class='ocr_carea' id='block_1_7' title="bbox 167 4329 872 4417">
    <p class='ocr_par' dir='ltr' id='par_1_7' title="bbox 167 4329 872 4417">
     <span class='ocr_line' id='line_1_31' title="bbox 167 4329 872 4417; baseline 0.007 -24"><span class='ocrx_word' id='word_1_169' title='bbox 167 4329 317 4409; x_wconf 91' lang='lat' dir='ltr'><strong>Domine,</strong></span> <span class='ocrx_word' id='word_1_170' title='bbox 341 4353 382 4396; x_wconf 91' lang='lat' dir='ltr'><strong>ne</strong></span> <span class='ocrx_word' id='word_1_171' title='bbox 407 4334 441 4397; x_wconf 92' lang='lat' dir='ltr'><strong>in</strong></span> <span class='ocrx_word' id='word_1_172' title='bbox 464 4335 570 4398; x_wconf 85' lang='lat' dir='ltr'><strong>furore</strong></span> <span class='ocrx_word' id='word_1_173' title='bbox 593 4344 650 4398; x_wconf 89' lang='lat' dir='ltr'><strong>tuo</strong></span> <span class='ocrx_word' id='word_1_174' title='bbox 675 4357 788 4417; x_wconf 84' lang='lat' dir='ltr'><strong>arguas</strong></span> <span class='ocrx_word' id='word_1_175' title='bbox 812 4357 872 4410; x_wconf 89' lang='lat' dir='ltr'><strong>me,</strong></span> 
     </span>
    </p>
   </div>
   <div class='ocr_carea' id='block_1_8' title="bbox 0 0 1487 5002">
    <p class='ocr_par' dir='ltr' id='par_1_8' title="bbox 0 0 1487 5002">
     <span class='ocr_line' id='line_1_32' title="bbox 0 0 1487 5002; baseline 0 0"><span class='ocrx_word' id='word_1_176' title='bbox 0 0 1487 5002; x_wconf 95' lang='lat' dir='ltr'><strong> </strong></span> 
     </span>
    </p>
   </div>
  </div>
 </body>
</html>
