2910 5002
272 396 338 459 234
550 396 688 461 E'rXAI
714 397 1055 465 ΚΑΘΗΜΕΡΙΝΑΙ.

276 561 457 644 ἐπαγγελία
478 589 551 645 μου,
578 585 581 593 ’

277 688 473 769 ἐπιπόθησις
495 687 608 763 αὐτῶν,

276 812 431 903 ἀσχολία,

278 943 448 1025 συμπαθὲς
471 947 534 1010 τῶν
555 945 590 1010 ἐν
612 943 773 1032 ἐσχάτοις,

279 1070 481 1158 κατόρθωμα,

280 1200 482 1289 καλλιεργία,

280 1327 464 1394 σκάνδαλον
486 1327 587 1407 δοθὲν,

279 1452 389 1519 οὐδένα
412 1454 588 1535 ἐντενκτήν.

321 1955 379 2026 Εἰς
402 1954 514 2044 χεῖράς
536 1981 605 2031 σου,
631 1954 740 2043 Κύριε,
765 1955 903 2039 ἐμαυτὸν
924 1958 1138 2046 παρατίθημι,

364 2081 401 2147 τὸ
422 2086 557 2165 πνεῦμα,
581 2082 639 2166 τὴν
660 2082 783 2172 ψυχὴν,
807 2083 844 2149 τὸ
859 2084 966 2167 ’σῶμά
985 2111 1059 2168 μου,

407 2208 536 2288 ἐκτίσω,
560 2209 615 2274 καὶ
638 2209 809 2298 ἐλυτρώσω
832 2209 924 2292 αὐτὰ,

497 2339 608 2427 Κύριε,
632 2338 649 2404 ὁ
672 2338 752 2410 Θεὸς
773 2337 934 2419 ἀληθείας.

280 2465 347 2531 Καὶ
369 2465 429 2531 σθν
451 2466 522 2549 ἐμοὶ
543 2466 615 2537 τούς
638 2466 740 2549 ἐμοὺς,
763 2466 818 2532 καὶ
839 2467 882 2532 τὰ
903 2465 966 2550 ἐμὰ
985 2467 1102 2534 πάντα·

366 2595 510 2683 ἐχαρίσω
532 2620 588 2677 μοι
610 2593 701 2672 αὐτὰ,
726 2594 836 2682 Κύριε,

497 2723 531 2787 ἐν
552 2725 592 2806 τῇ
614 2721 808 2806 ἀγαθωσύνῃ
831 2749 901 2788 σον.

281 2848 435 2933 Φύλαξον
456 2850 516 2932 τὴν
537 2850 688 2933 κοίμησίν
709 2877 781 2934 μου,
804 2851 859 2916 καὶ

453 2975 513 3059 τὴν
534 2976 662 3064 ἐγερσίν
682 3004 754 3060 μου,

369 3103 435 3170 ἀπὸ
458 3109 513 3172 τοῦ
536 3109 592 3173 νῦν
613 3106 668 3172 καὶ
691 3106 748 3178 ἕως
770 3109 826 3174 τοῦ
849 3106 970 3177 αἰῶνος.

283 3230 502 3312 Μνημονεύειν
523 3258 585 3296 σου
607 3232 661 3297 ἐπὶ
685 3237 862 3319 στρωμνῆς,

370 3355 529 3421 σκαλλειν
551 3357 588 3421 τὸ
608 3361 741 3438 πνεῦμα,

500 3483 705 3568 ἐξεγερθῆναι
728 3483 781 3547 καὶ

457 3611 505 3677 ἐτι
527 3608 607 3676 εἶναι
628 3610 710 3694 μετὰ
733 3613 802 3677 σοῦ.

283 3740 341 3807 Ἐν
362 3740 469 3828 εἰρήνῃ
491 3738 546 3805 ἐπὶ
568 3739 605 3804 τὸ
628 3738 705 3806 αὐτὸ
727 3738 977 3835 κοιμηθήσομαιζ

501 3866 556 3933 καὶ
578 3866 726 3933 ὑπνώσω·

361 3998 444 4062 Ὅτι
466 3995 508 4060 σι)
530 3995 613 4060 κατὰ
633 3996 739 4078 μα’νας,
764 3994 874 4083 Κύριε,

499 4120 550 4186 ἐπ’
573 4121 683 4189 ἐλτθι
706 4122 900 4190 κατοικίσεις
920 4146 969 4203 με.
