2910 5002
436 459 604 524 Paucas
631 459 949 525 QUOTIDIANAE.
1163 462 1227 524 299

560 660 618 746 [4.]
643 660 716 743 Ipse
738 663 835 726 Deus.

169 799 270 863 Deleo
292 799 477 883 iniquitates
498 806 629 884 propter
652 801 720 865 Me.
765 801 808 864 la.
830 800 906 864 xliii.
930 802 982 864 25.

169 927 305 1007 Exaudi,
329 927 468 1006 attende,
492 950 535 991 ne
557 928 693 993 moreris

343 1061 473 1137 propter
494 1055 724 1139 Temetipsum.
768 1057 854 1119 Dan.
877 1056 919 1118 ix.
946 1054 995 1118 19.

171 1181 245 1264 Ipse
267 1202 363 1265 quem
385 1183 550 1266 proposuit
573 1185 663 1248 Deus
685 1183 955 1268 propitiationem.
1002 1182 1090 1246 Rom.
1107 1181 1151 1246 iii.
1174 1183 1226 1246 25.

172 1309 307 1392 Respice
330 1309 365 1371 in
388 1308 501 1373 aciem
524 1309 646 1374 cuasa
668 1310 737 1374 nui.
784 1311 869 1374 aaz.
893 1309 1010 1373 aaa..
1032 1310 1063 1374 9.
1198 1278 1201 1283 ’

171 1436 249 1500 Non
272 1444 396 1501 avertas
417 1437 532 1501 faciem
556 1438 677 1502 Christi
697 1437 767 1502 Tui.
814 1438 901 1501 Paal.
926 1437 1038 1502 cxxxii.
1065 1440 1114 1501 10.

565 1680 622 1765 [5.]
646 1681 701 1743 Ea
718 1701 840 1763 periere.

171 1815 327 1880 Miserere
348 1816 421 1894 mei,
445 1816 507 1879 Fili
529 1815 643 1880 David.
691 1817 787 1879 Matr.
813 1838 862 1879 xv.
886 1817 940 1880 22.

173 1943 216 2006 Iit
238 1942 318 2006 dixit
341 1943 445 2007 David
470 1943 609 2021 Shemei,
633 1943 712 2008 Non
734 1943 889 2021 morieris,

258 2069 444 2153 juravitque
467 2070 505 2134 ei.
554 2070 587 2154 [2
611 2070 695 2133 Sana.
720 2069 783 2133 xix.
809 2069 877 2152 23.]

568 2313 629 2401 [6.]
653 2316 708 2379 Ec
730 2317 838 2401 officio.

177 2453 316 2536 Spiritus
339 2453 401 2517 Dei
424 2473 519 2536 super
542 2451 609 2532 Me,
633 2473 671 2516 eo
694 2452 779 2536 quod
802 2453 941 2518 unxerit.
986 2452 1030 2518 Ia.
1054 2452 1109 2517 lxi.
1137 2455 1165 2516 1.

177 2581 337 2645 Dominus
359 2579 400 2643 ad
422 2579 685 2643 annunciandum
707 2582 889 2645 mansuetis

220 2708 308 2772 misit
330 2708 396 2786 Me,
418 2716 458 2771 ut
479 2707 626 2773 mederer
648 2708 796 2773 contritis
819 2709 924 2773 corde.
969 2710 1047 2772 [με.
1071 2708 1112 2770 iv.
1138 2706 1188 2771 18.

178 2836 265 2899 Veni
287 2855 399 2899 vocare
421 2841 613 2918 peccatores.
658 2837 757 2900 Matr.
781 2836 824 2899 ix.
849 2838 900 2900 13.
1006 2882 1011 2889 -

177 2963 273 3027 Misit
295 2964 384 3028 Deus
406 2964 535 3038 Filium.
559 2971 596 3028 ut
619 2964 758 3028 salvetur
780 2963 921 3027 mundus

265 3115 322 3177 per
346 3095 466 3177 Ipsum.
513 3095 562 3158 Jo.
587 3095 632 3159 iii.
657 3097 709 3159 1⁷.

478 3500 730 3565 CONFESSIO
753 3501 938 3586 LAUDIS.

639 3751 781 3800 PROPTER

485 3933 715 3996 Eccelkaticm
741 3933 937 4013 Majestatis.

183 4066 331 4132 Clarifica
352 4067 420 4146 Me,
444 4067 551 4146 Pater,
575 4067 661 4151 apud
682 4067 845 4151 'Peipsum

236 4193 382 4257 claritate
391 4214 488 4276 quam
497 4192 606 4274 habui,
616 4193 804 4277 priusquam
813 4191 954 4257 muudus
965 4199 1057 4257 esset.
1071 4191 1241 4255 Jo.1vii.5.

181 4319 424 4384 Melchisedech
446 4327 516 4385 erat
539 4320 694 4386 Sacerdos
719 4320 782 4386 Dei
804 4319 961 4386 altissimi.
1009 4321 1084 4384 Gen.
1106 4319 1168 4383 xiv.
1192 4322 1243 4383 18.
