2910 5002
245 441 311 506 270
520 439 690 506 PRECES
715 439 1031 506 QUOTIDIANAE.

472 1104 687 1183 PRECES
716 1103 1073 1231 MATUTINAE.

247 1383 315 1450 QUI
336 1382 467 1446 exaudis
489 1378 677 1460 orationeni,

290 1509 331 1574 sd
354 1510 400 1574 'Pe
422 1510 527 1573 omnis
550 1530 623 1573 caro
644 1509 762 1587 veniet,
807 1510 897 1574 Psal.
920 1510 983 1574 lxv.
1007 1513 1039 1574 2.

247 1635 399 1720 Vespere,
422 1656 527 1715 mane,
550 1643 583 1699 et
605 1635 748 1714 meridie,

332 1763 469 1828 narrabo
491 1771 524 1828 et
546 1763 758 1841 annunciabo,

288 1897 321 1956 et
344 1893 394 1955 'Pu
417 1891 567 1954 exaudies
590 1912 700 1955 vocem
722 1912 838 1955 meam.
884 1890 970 1953 Psal.
994 1889 1034 1952 lv.
1059 1890 1111 1954 17.

244 2018 299 2084 Ad
319 2021 374 2098 Te,
398 2019 548 2098 Domine,
570 2019 668 2084 orabo
690 2041 803 2083 mane:

289 2147 437 2211 exaudies
458 2167 570 2211 vocem
592 2168 698 2212 meam
720 2168 826 2210 mane.
872 2146 961 2209 Psal.
984 2167 1013 2207 v.
1037 2147 1067 2208 3.

245 2272 414 2357 Dirigotur
435 2274 537 2337 oratio
559 2295 641 2352 mes,

288 2401 370 2465 sicut
392 2402 559 2466 incensum
581 2402 616 2464 in
640 2408 813 2485 conspectu
836 2401 915 2464 ouo.
961 2400 1050 2464 Psoi.
1074 2398 1146 2463 cxli.
1169 2402 1200 2463 2.

245 2528 286 2592 In
308 2529 487 2608 matutinis,
511 2529 660 2608 Domine,
683 2528 862 2593 meditabor
882 2527 918 2591 in
940 2528 995 2606 Te,

331 2657 407 2741 quis
427 2656 518 2721 fuisti
541 2658 669 2742 adjutor
691 2679 791 2722 meus.
837 2658 925 2720 Psal.
946 2654 1023 2718 lxiii.
1048 2658 1078 2734 7,
1102 2657 1132 2717 8.

244 2784 374 2848 Gratias
396 2784 469 2848 'Pibi
492 2807 562 2867 ogo,
585 2785 737 2863 Domine,
760 2785 973 2869 omnipotens,
993 2790 1112 2847 aeterne
1127 2783 1227 2861 Deus,
1243 2783 1296 2866 qui

286 2932 339 2976 me
368 2913 404 2975 in
432 2913 494 2976 huo
523 2918 629 2991 noete,
652 2934 720 2976 non
747 2913 827 2976 meis
851 2912 986 2990 meritis,
1009 2911 1065 2975 sed
1090 2911 1160 2974 ‘fua
1188 2916 1299 2973 sonots

286 3040 512 3120 misericordia,
529 3041 690 3105 custodire
705 3041 855 3124 dignatus
875 3061 920 3106 es.
962 3039 1109 3105 Concede
1123 3039 1213 3112 mihi,
1230 3041 1296 3104 Do-

287 3168 384 3247 mine,
408 3169 494 3232 diem
516 3169 616 3233 istum
638 3170 674 3232 in
697 3170 767 3232 Tuo
785 3175 896 3233 saneto
918 3167 1047 3232 servitio
1068 3168 1115 3231 ito
1135 3189 1295 3251 peragere,

286 3304 324 3358 ut
346 3295 419 3360 Tibi
440 3296 564 3379 plsoest
586 3296 774 3379 obsequium
797 3296 959 3361 servitutis
982 3316 1072 3358 meae.

244 3423 330 3488 nevo
339 3443 394 3486 oor
402 3443 476 3485 eum
485 3422 634 3486 manibus
644 3424 684 3487 ad
694 3424 872 3488 Dominum
880 3425 915 3486 in
924 3422 1023 3487 ooelis.
1036 3422 1162 3507 [Darem
1171 3421 1216 3485 iii.
1226 3420 1293 3504 41.]

284 3551 378 3628 Ecce,
402 3549 485 3613 siout
506 3550 591 3613 oculi
613 3571 776 3615 servorum
800 3552 840 3615 sd
862 3572 977 3614 manus
1000 3549 1213 3630 dominorum,

328 3684 362 3740 et
384 3677 467 3741 siout
489 3678 573 3742 oculi
595 3678 720 3741 ancillae
742 3679 783 3741 ad
805 3700 920 3742 manus
941 3678 1089 3756 dominae,

242 3804 296 3868 lta
327 3805 412 3868 oculi
445 3805 547 3870 nostri
584 3806 624 3868 ad
657 3807 835 3871 Dominum
868 3807 975 3870 Deum
1006 3813 1163 3883 nostrum,
1193 3803 1295 3867 donec

327 3931 517 3995 misereatur
538 3933 649 3996 nostri.
695 3934 783 3997 Psol.
807 3933 910 3997 cxxiii.
934 3934 965 3995 2.

242 4057 377 4140 Respice
398 4059 433 4121 in
456 4081 518 4136 me,
541 4067 574 4123 et
597 4061 840 4140 misereremei,

285 4184 461 4248 seeundum
481 4187 641 4270 judicium
666 4187 869 4273 diligentium
888 4209 1008 4255 nomen
1028 4188 1144 4254 Dium.
1193 4188 1294 4274 [Psol.

329 4309 410 4373 cxix.
436 4312 524 4395 132]
