2910 5002
259 414 324 477 194
534 415 672 478 ETXAI
698 413 1038 478 ΚΑΘΗΜΕΡΙΝΛΙ.

259 581 327 663 Τὴν
350 581 428 664 ἐμὴν
450 580 581 651 πάντως
603 580 767 665 ἀναμένων

480 707 692 794 ἐπιστροφήν·

346 832 616 920 Ἐγκαταλείψας
638 834 672 897 ἐν
694 832 773 916 ἐμοὶ,

478 961 681 1046 ἐπιστροφὴν
704 959 748 1029 εἰς
771 958 915 1047 καρδίαν,
1013 968 1019 978 ”

478 1086 659 1169 α’νάμνησιν
680 1091 744 1152 τῶν
765 1087 924 1175 ἐσχάτων,

477 1211 643 1298 ἐντροπὴν,
667 1211 794 1298 φρίκην,
817 1212 926 1292 λύπην
948 1238 1030 1291 τινα,

475 1341 551 1425 περὶ
572 1341 635 1404 τῶν
656 1339 895 1425 προγεγονότων
916 1366 971 1421 μοι
992 1339 1238 1426 ἁμαρτημάτων·

348 1467 458 1531 Πλείω
481 1464 535 1531 καὶ
556 1465 660 1546 μείζω,
682 1467 779 1546 μείζω
802 1465 857 1531 καὶ
877 1467 990 1539 πλείω,

475 1597 604 1674 μᾶλλον
625 1592 680 1658 καὶ
700 1596 837 1675 μᾶλλον,
861 1593 885 1658 ῶ
910 1594 1015 1678 Κύριε·

261 1718 459 1805 Χορηγὴσας
479 1744 536 1800 μοι
559 1717 695 1789 ἔλπῶας
717 1718 853 1801 ἀγαθὰς,

348 1844 503 1932 περὶτῆς
526 1844 672 1930 ἀφέσεως
695 1843 806 1919 αὐτῶν,

262 1970 327 2035 Διὰ
350 1973 406 2052 τῆς
427 1969 597 2051 μετανοίας
619 1970 673 2034 καὶ
695 1973 759 2034 τῶν
781 1970 883 2058 ἔργων
905 1969 1012 2051 αὐτῆς,

348 2101 387 2181 τῇ
410 2097 542 2185 ἐξουσίᾳ
568 2101 631 2162 τῶν
652 2096 828 2183 τρισσγίων

434 2223 578 2303 κλειδῶν,
602 2224 656 2288 καὶ
677 2225 861 2311 μυστηρίων

520 2353 584 2415 τῶν
605 2351 639 2415 έν
660 2355 700 2434 τῇ
721 2349 905 2436 Ἐκκλησία
927 2376 996 2415 σου.

338 2474 422 2541 ’Ότι
443 2476 564 2563 ἡμέραν
585 2475 657 2541 καθ’
680 2476 802 2563 ἡμέραν

260 2601 332 2667 ἀντὶ
354 2601 452 2671 τῶνδε
473 2607 536 2669 τῶν
559 2603 748 2692 εὐεργεσιῶν
770 2630 831 2669 σον
853 2604 898 2674 εἰς
920 2606 976 2687 ἐμὲ

348 2733 411 2794 τῶν
432 2755 637 2812 μεμνημένων
657 2756 724 2811 μοι,

252 2851 337 2918 Ὅτι
360 2852 395 2917 δὲ
416 2852 488 2918 ἀντὶ
511 2854 565 2918 καὶ
587 2853 808 2918 ἄλλωνπάνυ
830 2857 963 2919 πολλῶν
987 2854 1262 2935 ἐπιλελησμένον,

476 2977 530 3043 διὰ
552 2976 589 3043 τὰ
611 2977 738 3058 πλῆθος
761 2976 873 3056 αὐτῶν,

475 3102 529 3168 διὰ
551 3130 587 3168 τε
608 3104 667 3186 τὴν
687 3104 791 3185 λήθην
811 3130 883 3187 μον,

260 3234 331 3297 Τῶν
352 3257 389 3296 τε
410 3230 454 3301 εἰς
476 3231 532 3314 ἐμὲ
554 3231 676 3305 ἑκόντα,
698 3232 824 3313 γνόντα,
848 3231 1008 3305 αἰτοῦντα,

347 3357 402 3423 καὶ
423 3359 488 3422 τῶν
509 3356 553 3426 είς
575 3356 632 3423 οὐκ
653 3357 813 3431 αἰτοῦντα,
837 3356 1020 3439 ἀγνοοῦντα,
1044 3357 1164 3421 ἄκοντα

476 3483 708 3564 πεποιημένων,

343 3612 525 3695 Ὀμολαγῶ,
550 3611 603 3676 καὶ
625 3609 807 3699 εὐχαριστῶ
830 3635 893 3687 σοι,

345 3736 480 3821 Εὑλογῶ
503 3736 558 3801 καὶ
580 3736 700 3801 ἐπαινῶ
723 3762 770 3805 σε,
794 3735 835 3805 ῶς
858 3735 950 3810 εἰκὸς,
974 3737 1029 3802 καὶ
1050 3735 1219 3823 ὁσημέραι,

347 3865 497 3954 Ειχομαι
518 3890 553 3929 τε
575 3865 612 3947 ἐξ
633 3864 709 3944 zm
731 3867 854 3951 ψυχῆς,
908 3839 912 3846 ’

348 3993 414 4059 Καὶ
437 3995 475 4075 ἐξ
495 3992 571 4071 ὅλης
594 3990 732 4060 διανοίας
754 3991 902 4078 εὔχομαι.
