2910 5002
194 444 257 511 412
464 436 634 505 PRECES
659 430 978 505 QUOTIDIANAEL

544 609 661 686 Pulvis,
694 607 735 951 }
763 605 948 950 {fragilia

547 739 682 816 Ventus,
814 735 904 814 levis,

545 868 638 940 Caro,
815 863 999 928 dissolutus.

198 996 268 1059 Job.
292 995 359 1060 xiii.
381 996 434 1057 25.
539 994 583 1057 Et
608 992 667 1071 Tu,
692 992 843 1070 Domine,
873 1011 941 1056 non
969 989 1177 1074 prosequeris
1208 987 1271 1050 sti-

588 1120 708 1202 pulam.

203 1252 217 1310 l
244 1250 329 1311 Sam,
352 1248 434 1312 xxiva
462 1248 511 1311 lt.
546 1248 600 1310 An
622 1245 831 1311 insectabaris
853 1245 1020 1330 pulicem?

244 1504 275 1566 3.
300 1496 456 1567 Oreatura
477 1492 556 1578 tua,

332 1632 375 1694 Et
393 1631 460 1713 jam
484 1630 590 1707 miser,

331 1757 440 1821 Etiam
462 1758 594 1840 supplex
616 1757 712 1820 ultro.-

429 1885 528 1948 Paroe
550 1883 694 1967 supplici.

202 2017 223 2078 2
247 2013 332 2076 Sam.
355 2013 419 2076 xix.
443 2015 493 2076 19.
546 2011 652 2076 David
674 2011 814 2095 pepercit
838 2009 969 2076 Shemei
989 2009 1173 2092 maledicto,

208 2143 239 2226 [l
260 2143 346 2205 Sam.
361 2141 427 2205 xiii.
446 2138 512 2224 14.]
550 2141 595 2205 Et
618 2139 723 2204 David
744 2138 792 2202 vir
814 2139 992 2204 secundum
1014 2160 1068 2204 cor
1089 2142 1210 2220 Tuum,

635 2267 686 2331 'Pu
707 2266 808 2349 igitur
829 2287 935 2352 parces

205 2381 235 2465 [l
256 2381 334 2462 Req.
354 2401 403 2443 xx.
427 2374 496 2461 31.]
545 2379 629 2442 Ecce
669 2378 859 2458 audivimus,
896 2378 983 2462 quod
1022 2398 1114 2462 reges
1155 2379 1265 2444 Israel

459 2505 634 2570 clementes
666 2511 761 2585 sunt3
793 2526 950 2590 ponamus
980 2527 1056 2590 ergo
1085 2527 1193 2572 saccos
1224 2508 1264 2572 in

461 2633 589 2713 lumbis,
621 2640 654 2698 et
682 2634 776 2698 funes
805 2634 841 2697 in
870 2633 1029 2718 capitibus
1062 2633 1194 2713 nostris,
1227 2641 1264 2698 et

462 2759 664 2844 egrediamur
694 2759 730 2822 in
759 2777 938 2840 occursum,
968 2760 1122 2839 dicamus,
1148 2759 1263 2838 Vivat,

464 2909 529 2967 oro,
553 2888 661 2952 anima
681 2908 754 2952 mea
765 2913 774 2963 ;

551 3014 698 3080 Forsitan
719 3015 853 3080 salvabit
875 3014 999 3081 animos
1019 3022 1156 3082 nostras.

508 3200 511 3205 ,
547 3144 639 3209 Num
661 3144 749 3208 ullus
772 3144 842 3208 Rex
864 3142 966 3207 Israel

634 3272 680 3335 're
702 3269 915 3335 clementior?
1232 3347 1251 3386 ι

207 3398 316 3478 lRep.
332 3397 394 3461 xxi.
410 3399 463 3463 29.
510 3397 597 3464 Quia
632 3398 691 3477 Tu,
730 3398 880 3478 Domine,
914 3394 1049 3463 Achabo
1077 3395 1261 3481 pepercisti,

462 3524 517 3608 qui
535 3542 569 3589 se
591 3525 722 3589 dederat
744 3532 885 3609 peccato,
905 3546 981 3589 cum
1004 3547 1038 3591 so
1061 3524 1262 3605 humiliaret,

635 3655 734 3718 Parce
756 3653 900 3733 etmihi,
925 3673 1040 3738 quaeso.

203 3781 291 3844 Paul.
314 3780 397 3845 lxxx.
423 3784 453 3845 4·
504 3781 668 3850 Quamdiu
690 3780 834 3846 irasceiis
854 3782 972 3866 populo
993 3781 1090 3847 Tuo?

551 3909 762 3993 supplicanti,
785 3929 895 3993 preces
917 3909 1090 3973 offerenti?

202 4035 273 4099 Job.
296 4057 367 4099 xxx.
391 4037 444 4100 33.
505 4038 610 4112 Certe,
633 4038 784 4116 Domine,
806 4058 873 4103 non
895 4035 1057 4103 abscondo

547 4169 725 4246 peceatum,
749 4164 831 4228 sicut
852 4164 969 4244 Adam,

203 4288 290 4348 Paci.
315 4287 385 4352 cxli.
409 4287 440 4349 4.
507 4288 584 4352 Non
607 4310 722 4354 excuso
745 4290 963 4357 excusationes
985 4291 1019 4355 in
1042 4298 1183 4377 peccato,
