2910 5002
194 422 238 484 40
286 450 295 466 =
479 413 616 478 ΕΤΧΑΙ
641 409 975 476 ΚΑΘΗΜΕΡΙΝΑΙ.

242 561 397 671 Μηδὲδτή
420 586 498 673 ὀργῇ
519 609 580 650 σου
601 581 777 666 παιδεύσῃς
797 607 847 664 με.

199 718 298 793 Εἶπα,
320 715 544 804 Ἐξαηορεύσω
566 711 635 778 κατ’
658 712 735 795 ἐμοῦ
756 710 815 792 τήν

242 845 376 929 ἀνομίαν
396 871 459 927 μου
480 847 527 930 τῷ
548 840 668 928 Κυρίῳ,

244 973 311 1038 Καὶ
334 971 376 1038 σὺ
399 971 526 1057 ἀφῆκας
547 968 605 1052 τήν
626 966 782 1046 ἀσέβειαν
803 966 859 1046 τής
882 960 1014 1049 καρδίας
1035 987 1107 1043 μου.

202 1102 312 1190 Κύριε,
336 1099 476 1165 ἐναντίον
498 1122 559 1163 σου
580 1100 678 1161 πᾶσα
697 1094 717 1175 ή
741 1092 895 1175 ἐπιθυμία
916 1116 987 1173 μου,

287 1224 354 1290 Καὶ
376 1223 393 1289 6
416 1221 595 1306 στεναγμὸς
617 1247 679 1303 μου
700 1218 766 1285 ἀπὸ
788 1220 850 1283 σοῦ
871 1216 929 1283 οὐκ
952 1214 1131 1303 ἀπεκρθβη·

243 1351 401 1432 Ἐλέησόν
422 1376 472 1433 με,
496 1350 513 1415 6
536 1349 625 1423 Θεὸς,
649 1347 734 1414 κατὰ
755 1346 792 1412 τὸ
814 1344 900 1428 μέγα
922 1343 1012 1413 ἔλεός

374 1505 444 1553 σου,

247 1606 313 1673 Καὶ
336 1604 420 1671 κατὸ
440 1605 477 1670 τὸ
499 1603 625 1686 πλῆθος
646 1606 709 1669 τῶν
730 1601 900 1689 οἰκτιρμῶν
921 1627 983 1667 σον

246 1734 451 1819 Ἐξάλειήιον
471 1731 508 1797 τὸ
531 1730 682 1815 ἀνόμήμά
702 1757 773 1815 μου.

205 1863 250 1933 Σὸ
273 1861 415 1932 ἀναστὰς
436 1859 643 1948 οἰκτειρήσεις
663 1885 713 1942 με,
736 1859 762 1924 ὤ
787 1859 896 1946 Κίριε,

240 1989 322 2057 ’,Ότι
345 1985 453 2074 καιρὸς
475 1988 530 2052 τοῦ
553 1985 753 2073 οἰκτειρῆσαί
771 2012 822 2068 με,

327 2115 410 2181 Ὅτι
431 2114 500 2197 ήκει
523 2114 639 2201 καιρός.

202 2245 285 2310 ῘΕὸν
306 2243 438 2326 ἀνομίας
458 2242 696 2330 παρατήρήσῃς,
721 2241 830 2328 Κύριε,

252 2371 362 2460 Κύριε,
385 2370 434 2441 τίς
456 2368 702 2450 ὑπσστήσεταις

208 2501 267 2595 Μή
289 2500 437 2585 εἰσέλθῃς
459 2499 503 2571 εἰς
525 2499 632 2586 κρίσιν
652 2498 736 2582 μετὰ
757 2502 813 2565 τοῦ
834 2498 950 2566 δούλου
972 2524 1043 2579 σον,

328 2627 410 2693 Ὅτι
432 2627 468 2693 οὐ
490 2626 737 2710 δικαιωθήσεται
760 2625 894 2693 ἐνώπιόν
915 2653 976 2692 σον
996 2624 1062 2698 πᾶς
1085 2629 1152 2707 ζον.

297 3006 406 3070 ΑΙΡΩ
427 3002 485 3073 τὸς
506 3003 618 3092 χεῑρίς
637 3030 700 3086 μου

385 3130 472 3219 Πρὸς
494 3131 552 3202 τὸς
573 3131 705 3203 ἐντολάς
726 3159 796 3208 σον,
820 3133 858 3204 ἃς
878 3132 1047 3218 ήγάπησα.

212 3258 450 3345 Ἀποκάλνψον
471 3259 542 3331 τοὸς
564 3258 751 3346 ὀφθαλμούς
772 3287 844 3343 μου,
867 3263 921 3328 καὶ
943 3260 1140 3346 κατανοήσω,

216 3392 337 3455 Κλΐνον
358 3387 416 3471 τήν
437 3388 570 3476 καρδίαν
590 3415 663 3471 μον,
685 3389 740 3454 καὶ
761 3390 961 3474 ἐπιποθήσω,

215 3515 425 3604 Κατάρτισον
446 3515 488 3581 τὸ
508 3515 697 3599 διαβήρατά
716 3542 788 3598 μου,
811 3517 865 3583 καὶ
886 3518 1099 3606 περιπατήσω

300 3639 358 3706 Ἐν
378 3644 418 3726 τῇ
440 3640 545 3729 τρίβῳ
565 3643 628 3706 τῶν
649 3641 786 3708 ἐντολῶν
809 3669 879 3708 σον.

260 3769 360 3857 Κύριε
382 3768 399 3834 6
421 3769 512 3845 Θεὸς,
536 3768 607 3836 ἴσθι
629 3768 671 3836 σύ
692 3795 749 3852 μοι
771 3771 863 3849 Θεὸς,

303 3896 467 3984 Παρεκτὸς
490 3896 526 3964 δέ
547 3923 609 3963 σου
630 3897 674 3981 μή
696 3897 782 3964 ἔστω
803 3924 859 3981 μοι
880 3898 992 3980 ἄλλος,

319 4008 324 4017 ’
347 4021 470 4102 Μηδεὶς
492 4022 605 4098 ι’λλος,
627 4024 725 4107 Μηδὲν
746 4025 832 4091 ἄλλα
854 4027 914 4092 σὸν
936 4027 1037 4111 σοίγε.

218 4151 365 4238 Χάρισαί
382 4177 439 4234 μοι
460 4157 652 4239 προσκυνεῖν
674 4180 713 4219 σε
734 4155 789 4219 καὶ
810 4155 977 4242 λατρεύειν
999 4182 1053 4235 σοι

390 4278 447 4344 Ἐν
469 4278 605 4368 ἀληθεία
625 4281 812 4364 πνεύματος,
