<?xml version="1.0" encoding="UTF-8"?>
<!DOCTYPE html PUBLIC "-//W3C//DTD XHTML 1.0 Transitional//EN"
    "http://www.w3.org/TR/xhtml1/DTD/xhtml1-transitional.dtd">
<html xmlns="http://www.w3.org/1999/xhtml" xml:lang="en" lang="en">
 <head>
  <title>
</title>
<meta http-equiv="Content-Type" content="text/html;charset=utf-8" />
  <meta name='ocr-system' content='tesseract 3.04.00' />
  <meta name='ocr-capabilities' content='ocr_page ocr_carea ocr_par ocr_line ocrx_word'/>
</head>
<body>
  <div class='ocr_page' id='page_1' title='image "./precesprivataeq00andrgoog_0478.png"; bbox 0 0 2910 5002; ppageno 0'>
   <div class='ocr_carea' id='block_1_1' title="bbox 475 429 1266 500">
    <p class='ocr_par' dir='ltr' id='par_1_1' title="bbox 475 429 1266 500">
     <span class='ocr_line' id='line_1_1' title="bbox 475 429 1266 500; baseline 0.01 -10"><span class='ocrx_word' id='word_1_1' title='bbox 475 429 642 493; x_wconf 67' lang='lat' dir='ltr'>Pudens</span> <span class='ocrx_word' id='word_1_2' title='bbox 667 430 981 496; x_wconf 78' lang='lat' dir='ltr'><strong>QUOTIDIANAE.</strong></span> <span class='ocrx_word' id='word_1_3' title='bbox 1188 439 1266 500; x_wconf 75' lang='lat'>433-</span> 
     </span>
    </p>
   </div>
   <div class='ocr_carea' id='block_1_2' title="bbox 472 914 979 980">
    <p class='ocr_par' dir='ltr' id='par_1_2' title="bbox 472 914 979 980">
     <span class='ocr_line' id='line_1_2' title="bbox 472 914 979 980; baseline 0.008 -4"><span class='ocrx_word' id='word_1_4' title='bbox 472 914 772 978; x_wconf 80' lang='lat' dir='ltr'>VESPER&#39;PINAE</span> <span class='ocrx_word' id='word_1_5' title='bbox 797 914 979 980; x_wconf 84' lang='lat' dir='ltr'><strong>PRECES.</strong></span> 
     </span>
    </p>
   </div>
   <div class='ocr_carea' id='block_1_3' title="bbox 196 1123 1253 4126">
    <p class='ocr_par' dir='ltr' id='par_1_3' title="bbox 203 1123 1253 1328">
     <span class='ocr_line' id='line_1_3' title="bbox 203 1123 1253 1192; baseline 0.009 -9"><span class='ocrx_word' id='word_1_6' title='bbox 203 1123 288 1186; x_wconf 80' lang='lat' dir='ltr'>Psul.</span> <span class='ocrx_word' id='word_1_7' title='bbox 306 1125 427 1186; x_wconf 80' lang='lat' dir='ltr'>cxxxiv.</span> <span class='ocrx_word' id='word_1_8' title='bbox 444 1128 475 1188; x_wconf 89' lang='grc'>3.</span> <span class='ocrx_word' id='word_1_9' title='bbox 507 1126 548 1187; x_wconf 84' lang='grc' dir='ltr'>ΙΝ</span> <span class='ocrx_word' id='word_1_10' title='bbox 578 1125 727 1188; x_wconf 90' lang='lat' dir='ltr'>noctibus</span> <span class='ocrx_word' id='word_1_11' title='bbox 758 1126 909 1190; x_wconf 83' lang='lat' dir='ltr'>extollite.</span> <span class='ocrx_word' id='word_1_12' title='bbox 930 1148 1045 1191; x_wconf 82' lang='lat' dir='ltr'>munus</span> <span class='ocrx_word' id='word_1_13' title='bbox 1073 1137 1193 1192; x_wconf 81' lang='lat' dir='ltr'>vestras</span> <span class='ocrx_word' id='word_1_14' title='bbox 1219 1129 1253 1191; x_wconf 92' lang='lat' dir='ltr'>in</span> 
     </span>
     <span class='ocr_line' id='line_1_4' title="bbox 459 1250 1081 1328; baseline 0.008 -16"><span class='ocrx_word' id='word_1_15' title='bbox 459 1250 650 1328; x_wconf 85' lang='lat' dir='ltr'>sanctuario,</span> <span class='ocrx_word' id='word_1_16' title='bbox 674 1258 706 1314; x_wconf 93' lang='lat' dir='ltr'>et</span> <span class='ocrx_word' id='word_1_17' title='bbox 728 1250 908 1315; x_wconf 81' lang='lat' dir='ltr'>benedicite</span> <span class='ocrx_word' id='word_1_18' title='bbox 930 1252 1081 1317; x_wconf 88' lang='lat' dir='ltr'>Domino.</span> 
     </span>
    </p>

    <p class='ocr_par' dir='ltr' id='par_1_4' title="bbox 307 1375 1253 1693">
     <span class='ocr_line' id='line_1_5' title="bbox 307 1375 1253 1463; baseline 0.007 -27"><span class='ocrx_word' id='word_1_19' title='bbox 307 1375 346 1437; x_wconf 91' lang='lat' dir='ltr'>lv.</span> <span class='ocrx_word' id='word_1_20' title='bbox 373 1376 422 1440; x_wconf 88' lang='grc'>17.</span> <span class='ocrx_word' id='word_1_21' title='bbox 502 1377 654 1460; x_wconf 80' lang='lat' dir='ltr'>Vespere,</span> <span class='ocrx_word' id='word_1_22' title='bbox 677 1398 781 1459; x_wconf 81' lang='lat' dir='ltr'>mane,</span> <span class='ocrx_word' id='word_1_23' title='bbox 805 1385 838 1443; x_wconf 87' lang='lat' dir='ltr'>et</span> <span class='ocrx_word' id='word_1_24' title='bbox 859 1377 1002 1455; x_wconf 87' lang='lat' dir='ltr'>meridie,</span> <span class='ocrx_word' id='word_1_25' title='bbox 1026 1379 1134 1459; x_wconf 84' lang='lat' dir='ltr'>orub0,</span> <span class='ocrx_word' id='word_1_26' title='bbox 1157 1380 1253 1463; x_wconf 87' lang='lat' dir='ltr'>idque</span> 
     </span>
     <span class='ocr_line' id='line_1_6' title="bbox 457 1503 1251 1584; baseline 0.008 -19"><span class='ocrx_word' id='word_1_27' title='bbox 457 1503 626 1581; x_wconf 79' lang='lat' dir='ltr'><strong>instanter,</strong></span> <span class='ocrx_word' id='word_1_28' title='bbox 652 1513 685 1568; x_wconf 88' lang='lat' dir='ltr'>et</span> <span class='ocrx_word' id='word_1_29' title='bbox 706 1505 766 1582; x_wconf 64' lang='lat' dir='ltr'>Tu,</span> <span class='ocrx_word' id='word_1_30' title='bbox 790 1505 940 1584; x_wconf 86' lang='lat' dir='ltr'>Domine,</span> <span class='ocrx_word' id='word_1_31' title='bbox 963 1506 1113 1570; x_wconf 78' lang='lat' dir='ltr'>exaudies</span> <span class='ocrx_word' id='word_1_32' title='bbox 1141 1528 1251 1571; x_wconf 88' lang='lat' dir='ltr'>vocem</span> 
     </span>
     <span class='ocr_line' id='line_1_7' title="bbox 457 1650 572 1693; baseline 0.017 -2"><span class='ocrx_word' id='word_1_33' title='bbox 457 1650 572 1693; x_wconf 87' lang='lat' dir='ltr'>meam.</span> 
     </span>
    </p>

    <p class='ocr_par' dir='ltr' id='par_1_5' title="bbox 311 1755 1253 2093">
     <span class='ocr_line' id='line_1_8' title="bbox 311 1755 1253 1826; baseline 0.007 -8"><span class='ocrx_word' id='word_1_34' title='bbox 311 1757 375 1819; x_wconf 85' lang='lat' dir='ltr'>xlii.</span> <span class='ocrx_word' id='word_1_35' title='bbox 401 1758 452 1822; x_wconf 91' lang='lat'>10.</span> <span class='ocrx_word' id='word_1_36' title='bbox 507 1755 548 1820; x_wconf 95' lang='lat' dir='ltr'>In</span> <span class='ocrx_word' id='word_1_37' title='bbox 569 1757 622 1820; x_wconf 91' lang='lat' dir='ltr'>die</span> <span class='ocrx_word' id='word_1_38' title='bbox 641 1759 805 1823; x_wconf 81' lang='lat' dir='ltr'>mandavit</span> <span class='ocrx_word' id='word_1_39' title='bbox 825 1761 985 1824; x_wconf 82' lang='lat' dir='ltr'>Dominus</span> <span class='ocrx_word' id='word_1_40' title='bbox 1003 1762 1253 1826; x_wconf 82' lang='lat' dir='ltr'>misericordiam</span> 
     </span>
     <span class='ocr_line' id='line_1_9' title="bbox 461 1884 1253 1968; baseline 0.001 -20"><span class='ocrx_word' id='word_1_41' title='bbox 461 1906 562 1962; x_wconf 83' lang='lat' dir='ltr'>suum,</span> <span class='ocrx_word' id='word_1_42' title='bbox 579 1884 652 1948; x_wconf 91' lang='lat' dir='ltr'>ideo</span> <span class='ocrx_word' id='word_1_43' title='bbox 671 1893 766 1950; x_wconf 89' lang='lat' dir='ltr'>nocte</span> <span class='ocrx_word' id='word_1_44' title='bbox 785 1885 871 1968; x_wconf 82' lang='lat' dir='ltr'>apud</span> <span class='ocrx_word' id='word_1_45' title='bbox 885 1907 938 1949; x_wconf 92' lang='lat' dir='ltr'>me</span> <span class='ocrx_word' id='word_1_46' title='bbox 952 1887 1124 1951; x_wconf 79' lang='lat' dir='ltr'><strong>cantabam</strong></span> <span class='ocrx_word' id='word_1_47' title='bbox 1142 1887 1253 1951; x_wconf 89' lang='lat' dir='ltr'>laudes</span> 
     </span>
     <span class='ocr_line' id='line_1_10' title="bbox 460 2011 1225 2093; baseline 0.007 -20"><span class='ocrx_word' id='word_1_48' title='bbox 460 2011 549 2093; x_wconf 83' lang='lat' dir='ltr'>Ejus,</span> <span class='ocrx_word' id='word_1_49' title='bbox 573 2020 606 2074; x_wconf 92' lang='lat' dir='ltr'>et</span> <span class='ocrx_word' id='word_1_50' title='bbox 629 2011 732 2075; x_wconf 80' lang='lat' dir='ltr'>oratio</span> <span class='ocrx_word' id='word_1_51' title='bbox 754 2032 827 2074; x_wconf 88' lang='lat' dir='ltr'>meu</span> <span class='ocrx_word' id='word_1_52' title='bbox 848 2012 889 2075; x_wconf 83' lang='lat' dir='ltr'>ud</span> <span class='ocrx_word' id='word_1_53' title='bbox 912 2014 1018 2077; x_wconf 89' lang='lat' dir='ltr'>Deum</span> <span class='ocrx_word' id='word_1_54' title='bbox 1041 2013 1115 2076; x_wconf 84' lang='lat' dir='ltr'>vitae</span> <span class='ocrx_word' id='word_1_55' title='bbox 1137 2034 1225 2078; x_wconf 83' lang='lat' dir='ltr'>mese.</span> 
     </span>
    </p>

    <p class='ocr_par' dir='ltr' id='par_1_6' title="bbox 310 2135 1252 2472">
     <span class='ocr_line' id='line_1_11' title="bbox 310 2135 1252 2218; baseline 0.004 -20"><span class='ocrx_word' id='word_1_56' title='bbox 310 2135 380 2198; x_wconf 91' lang='lat' dir='ltr'>cxli.</span> <span class='ocrx_word' id='word_1_57' title='bbox 405 2138 436 2200; x_wconf 85' lang='lat'>2.</span> <span class='ocrx_word' id='word_1_58' title='bbox 506 2136 674 2218; x_wconf 84' lang='lat' dir='ltr'>Dirigatur</span> <span class='ocrx_word' id='word_1_59' title='bbox 702 2136 804 2200; x_wconf 85' lang='lat' dir='ltr'>oratio</span> <span class='ocrx_word' id='word_1_60' title='bbox 829 2157 902 2200; x_wconf 82' lang='lat' dir='ltr'>meu</span> <span class='ocrx_word' id='word_1_61' title='bbox 924 2137 1007 2202; x_wconf 89' lang='lat' dir='ltr'>sieut</span> <span class='ocrx_word' id='word_1_62' title='bbox 1029 2138 1197 2202; x_wconf 86' lang='lat' dir='ltr'>incensum</span> <span class='ocrx_word' id='word_1_63' title='bbox 1218 2140 1252 2202; x_wconf 89' lang='lat' dir='ltr'>in</span> 
     </span>
     <span class='ocr_line' id='line_1_12' title="bbox 459 2263 1251 2345; baseline 0.006 -21"><span class='ocrx_word' id='word_1_64' title='bbox 459 2271 631 2345; x_wconf 86' lang='lat' dir='ltr'>conspectu</span> <span class='ocrx_word' id='word_1_65' title='bbox 653 2263 743 2340; x_wconf 73' lang='lat' dir='ltr'>Tuo,</span> <span class='ocrx_word' id='word_1_66' title='bbox 774 2271 808 2326; x_wconf 93' lang='lat' dir='ltr'>et</span> <span class='ocrx_word' id='word_1_67' title='bbox 830 2263 965 2327; x_wconf 83' lang='lat' dir='ltr'>elevatio</span> <span class='ocrx_word' id='word_1_68' title='bbox 988 2285 1141 2328; x_wconf 85' lang='lat' dir='ltr'>manuum</span> <span class='ocrx_word' id='word_1_69' title='bbox 1165 2287 1251 2329; x_wconf 83' lang='lat' dir='ltr'>meu-</span> 
     </span>
     <span class='ocr_line' id='line_1_13' title="bbox 459 2389 1114 2472; baseline 0.005 -21"><span class='ocrx_word' id='word_1_70' title='bbox 459 2411 543 2466; x_wconf 89' lang='lat' dir='ltr'>rum,</span> <span class='ocrx_word' id='word_1_71' title='bbox 567 2389 650 2452; x_wconf 89' lang='lat' dir='ltr'>sicut</span> <span class='ocrx_word' id='word_1_72' title='bbox 673 2389 863 2453; x_wconf 83' lang='lat' dir='ltr'>sacrificinm</span> <span class='ocrx_word' id='word_1_73' title='bbox 886 2389 1114 2472; x_wconf 86' lang='lat' dir='ltr'>vespertinum.</span> 
     </span>
    </p>

    <p class='ocr_par' dir='ltr' id='par_1_7' title="bbox 196 2515 1173 4126">
     <span class='ocr_line' id='line_1_14' title="bbox 502 2515 953 2595; baseline 0 -17"><span class='ocrx_word' id='word_1_74' title='bbox 502 2515 700 2580; x_wconf 84' lang='lat' dir='ltr'>Benedictus</span> <span class='ocrx_word' id='word_1_75' title='bbox 719 2517 779 2595; x_wconf 81' lang='lat' dir='ltr'>Tu,</span> <span class='ocrx_word' id='word_1_76' title='bbox 803 2515 953 2594; x_wconf 89' lang='lat' dir='ltr'>Domine,</span> 
     </span>
     <span class='ocr_line' id='line_1_15' title="bbox 545 2643 1114 2723; baseline -0.007 -13"><span class='ocrx_word' id='word_1_77' title='bbox 545 2645 610 2710; x_wconf 82' lang='lat' dir='ltr'>Qui</span> <span class='ocrx_word' id='word_1_78' title='bbox 632 2645 745 2709; x_wconf 82' lang='lat' dir='ltr'>creasti</span> <span class='ocrx_word' id='word_1_79' title='bbox 768 2644 852 2709; x_wconf 85' lang='lat' dir='ltr'>vices</span> <span class='ocrx_word' id='word_1_80' title='bbox 873 2643 947 2723; x_wconf 91' lang='lat' dir='ltr'>diei,</span> <span class='ocrx_word' id='word_1_81' title='bbox 970 2652 1003 2707; x_wconf 90' lang='lat' dir='ltr'>et</span> <span class='ocrx_word' id='word_1_82' title='bbox 1110 2713 1114 2721; x_wconf 27' lang='lat'><strong>¹</strong></span> 
     </span>
     <span class='ocr_line' id='line_1_16' title="bbox 543 2771 1078 2855; baseline -0.002 -20"><span class='ocrx_word' id='word_1_83' title='bbox 543 2772 656 2849; x_wconf 87' lang='lat' dir='ltr'>noctis,</span> <span class='ocrx_word' id='word_1_84' title='bbox 679 2780 713 2835; x_wconf 91' lang='lat' dir='ltr'>et</span> <span class='ocrx_word' id='word_1_85' title='bbox 734 2771 791 2835; x_wconf 82' lang='lat' dir='ltr'>das</span> <span class='ocrx_word' id='word_1_86' title='bbox 812 2772 903 2835; x_wconf 83' lang='lat' dir='ltr'>lassis</span> <span class='ocrx_word' id='word_1_87' title='bbox 924 2772 1078 2855; x_wconf 90' lang='lat' dir='ltr'>requiem,</span> 
     </span>
     <span class='ocr_line' id='line_1_17' title="bbox 543 2899 1108 2982; baseline -0.009 -19"><span class='ocrx_word' id='word_1_88' title='bbox 543 2909 576 2963; x_wconf 86' lang='lat' dir='ltr'>et</span> <span class='ocrx_word' id='word_1_89' title='bbox 598 2899 766 2982; x_wconf 82' lang='lat' dir='ltr'>languenti</span> <span class='ocrx_word' id='word_1_90' title='bbox 791 2899 943 2962; x_wconf 89' lang='lat' dir='ltr'>virtutem</span> <span class='ocrx_word' id='word_1_91' title='bbox 966 2919 1108 2962; x_wconf 80' lang='lat' dir='ltr'>renoves.</span> 
     </span>
     <span class='ocr_line' id='line_1_18' title="bbox 196 3025 998 3103; baseline 0.001 -16"><span class='ocrx_word' id='word_1_92' title='bbox 196 3026 265 3090; x_wconf 83' lang='lat' dir='ltr'>Job.</span> <span class='ocrx_word' id='word_1_93' title='bbox 290 3049 381 3090; x_wconf 86' lang='lat' dir='ltr'>xxxv.</span> <span class='ocrx_word' id='word_1_94' title='bbox 500 3028 565 3092; x_wconf 81' lang='lat' dir='ltr'>Qui</span> <span class='ocrx_word' id='word_1_95' title='bbox 588 3028 644 3090; x_wconf 81' lang='lat' dir='ltr'>das</span> <span class='ocrx_word' id='word_1_96' title='bbox 667 3027 811 3090; x_wconf 79' lang='lat' dir='ltr'>carmine</span> <span class='ocrx_word' id='word_1_97' title='bbox 832 3025 872 3088; x_wconf 88' lang='lat' dir='ltr'>de</span> <span class='ocrx_word' id='word_1_98' title='bbox 894 3033 998 3103; x_wconf 88' lang='lat' dir='ltr'>noete,</span> 
     </span>
     <span class='ocr_line' id='line_1_19' title="bbox 199 3154 974 3218; baseline 0.001 -3"><span class='ocrx_word' id='word_1_99' title='bbox 199 3155 284 3218; x_wconf 66' lang='lat' dir='ltr'>Paul.</span> <span class='ocrx_word' id='word_1_100' title='bbox 308 3156 368 3218; x_wconf 91' lang='lat' dir='ltr'>lxv.</span> <span class='ocrx_word' id='word_1_101' title='bbox 394 3159 423 3218; x_wconf 89' lang='lat'>8.</span> <span class='ocrx_word' id='word_1_102' title='bbox 502 3156 546 3217; x_wconf 90' lang='lat' dir='ltr'>Et</span> <span class='ocrx_word' id='word_1_103' title='bbox 568 3155 645 3217; x_wconf 81' lang='lat' dir='ltr'>fucis</span> <span class='ocrx_word' id='word_1_104' title='bbox 667 3162 704 3216; x_wconf 90' lang='lat' dir='ltr'>ut</span> <span class='ocrx_word' id='word_1_105' title='bbox 726 3154 830 3217; x_wconf 80' lang='lat' dir='ltr'>exitus</span> <span class='ocrx_word' id='word_1_106' title='bbox 852 3173 974 3216; x_wconf 79' lang='lat' dir='ltr'>eurone</span> 
     </span>
     <span class='ocr_line' id='line_1_20' title="bbox 541 3279 967 3364; baseline -0.007 -18"><span class='ocrx_word' id='word_1_107' title='bbox 541 3291 575 3346; x_wconf 86' lang='lat' dir='ltr'>et</span> <span class='ocrx_word' id='word_1_108' title='bbox 597 3280 734 3364; x_wconf 87' lang='lat' dir='ltr'>vesperis</span> <span class='ocrx_word' id='word_1_109' title='bbox 756 3279 889 3344; x_wconf 82' lang='lat' dir='ltr'>laudent</span> <span class='ocrx_word' id='word_1_110' title='bbox 910 3280 967 3345; x_wconf 63' lang='lat' dir='ltr'>Tea</span> 
     </span>
     <span class='ocr_line' id='line_1_21' title="bbox 305 3408 991 3491; baseline -0.003 -18"><span class='ocrx_word' id='word_1_111' title='bbox 305 3413 363 3474; x_wconf 86' lang='lat' dir='ltr'>xci.</span> <span class='ocrx_word' id='word_1_112' title='bbox 387 3414 416 3474; x_wconf 83' lang='lat'>5.</span> <span class='ocrx_word' id='word_1_113' title='bbox 499 3410 565 3477; x_wconf 79' lang='lat' dir='ltr'>Qui</span> <span class='ocrx_word' id='word_1_114' title='bbox 586 3408 729 3473; x_wconf 80' lang='lat' dir='ltr'>liberasti</span> <span class='ocrx_word' id='word_1_115' title='bbox 749 3429 809 3472; x_wconf 89' lang='lat' dir='ltr'>nos</span> <span class='ocrx_word' id='word_1_116' title='bbox 832 3429 851 3472; x_wconf 82' lang='lat' dir='ltr'>s</span> <span class='ocrx_word' id='word_1_117' title='bbox 873 3408 991 3491; x_wconf 80' lang='lat' dir='ltr'>sagitto</span> 
     </span>
     <span class='ocr_line' id='line_1_22' title="bbox 539 3534 1068 3613; baseline -0.004 -13"><span class='ocrx_word' id='word_1_118' title='bbox 539 3538 667 3602; x_wconf 82' lang='lat' dir='ltr'>volante</span> <span class='ocrx_word' id='word_1_119' title='bbox 689 3535 840 3613; x_wconf 87' lang='lat' dir='ltr'>interdiu,</span> <span class='ocrx_word' id='word_1_120' title='bbox 863 3534 904 3598; x_wconf 82' lang='lat' dir='ltr'>eb</span> <span class='ocrx_word' id='word_1_121' title='bbox 926 3534 1068 3612; x_wconf 89' lang='lat' dir='ltr'>incursu,</span> 
     </span>
     <span class='ocr_line' id='line_1_23' title="bbox 539 3661 986 3728; baseline -0.009 0"><span class='ocrx_word' id='word_1_122' title='bbox 539 3675 572 3728; x_wconf 91' lang='lat' dir='ltr'>et</span> <span class='ocrx_word' id='word_1_123' title='bbox 594 3685 614 3728; x_wconf 79' lang='lat' dir='ltr'><strong>a</strong></span> <span class='ocrx_word' id='word_1_124' title='bbox 635 3663 780 3727; x_wconf 83' lang='lat' dir='ltr'>daemone</span> <span class='ocrx_word' id='word_1_125' title='bbox 800 3661 986 3726; x_wconf 80' lang='lat' dir='ltr'>meridiano.</span> 
     </span>
     <span class='ocr_line' id='line_1_24' title="bbox 197 3785 1111 3872; baseline -0.011 -15"><span class='ocrx_word' id='word_1_126' title='bbox 197 3793 381 3858; x_wconf 73' lang='lat' dir='ltr'>[cxxxviii.</span> <span class='ocrx_word' id='word_1_127' title='bbox 405 3792 455 3855; x_wconf 82' lang='lat'>14.</span> <span class='ocrx_word' id='word_1_128' title='bbox 502 3791 568 3856; x_wconf 78' lang='lat' dir='ltr'>Qui</span> <span class='ocrx_word' id='word_1_129' title='bbox 590 3811 657 3853; x_wconf 94' lang='lat' dir='ltr'>non</span> <span class='ocrx_word' id='word_1_130' title='bbox 678 3787 862 3872; x_wconf 76' lang='lat' dir='ltr'>praecidisti,</span> <span class='ocrx_word' id='word_1_131' title='bbox 885 3785 975 3869; x_wconf 82' lang='lat' dir='ltr'>quasi</span> <span class='ocrx_word' id='word_1_132' title='bbox 996 3793 1111 3863; x_wconf 84' lang='lat' dir='ltr'>textor,</span> 
     </span>
     <span class='ocr_line' id='line_1_25' title="bbox 539 3914 1173 3995; baseline -0.008 -16"><span class='ocrx_word' id='word_1_133' title='bbox 539 3917 637 3979; x_wconf 82' lang='lat' dir='ltr'>vitam</span> <span class='ocrx_word' id='word_1_134' title='bbox 660 3923 814 3990; x_wconf 83' lang='lat' dir='ltr'>nostram,</span> <span class='ocrx_word' id='word_1_135' title='bbox 837 3921 870 3977; x_wconf 92' lang='lat' dir='ltr'>et</span> <span class='ocrx_word' id='word_1_136' title='bbox 893 3914 1050 3978; x_wconf 78' lang='lat' dir='ltr'>demone</span> <span class='ocrx_word' id='word_1_137' title='bbox 1073 3934 1173 3995; x_wconf 83' lang='lat' dir='ltr'>usque</span> 
     </span>
     <span class='ocr_line' id='line_1_26' title="bbox 538 4040 1064 4126; baseline -0.006 -20"><span class='ocrx_word' id='word_1_138' title='bbox 538 4063 702 4126; x_wconf 85' lang='lat' dir='ltr'>vesperam</span> <span class='ocrx_word' id='word_1_139' title='bbox 724 4061 803 4105; x_wconf 91' lang='lat' dir='ltr'>non·</span> <span class='ocrx_word' id='word_1_140' title='bbox 815 4040 976 4104; x_wconf 80' lang='lat' dir='ltr'>abstulisti</span> <span class='ocrx_word' id='word_1_141' title='bbox 996 4061 1064 4103; x_wconf 77' lang='lat' dir='ltr'>nos</span> 
     </span>
    </p>
   </div>
   <div class='ocr_carea' id='block_1_4' title="bbox 302 4168 865 4254">
    <p class='ocr_par' dir='ltr' id='par_1_8' title="bbox 302 4168 865 4254">
     <span class='ocr_line' id='line_1_27' title="bbox 302 4168 865 4254; baseline -0.011 -16"><span class='ocrx_word' id='word_1_142' title='bbox 302 4174 451 4251; x_wconf 91' lang='lat' dir='ltr'>Domine,</span> <span class='ocrx_word' id='word_1_143' title='bbox 475 4174 557 4237; x_wconf 90' lang='lat' dir='ltr'>sicut</span> <span class='ocrx_word' id='word_1_144' title='bbox 579 4171 647 4236; x_wconf 88' lang='lat' dir='ltr'>dies</span> <span class='ocrx_word' id='word_1_145' title='bbox 670 4191 765 4254; x_wconf 87' lang='lat' dir='ltr'>super</span> <span class='ocrx_word' id='word_1_146' title='bbox 787 4168 865 4248; x_wconf 92' lang='lat' dir='ltr'>dies,</span> 
     </span>
    </p>
   </div>
   <div class='ocr_carea' id='block_1_5' title="bbox 365 4296 960 4384">
    <p class='ocr_par' dir='ltr' id='par_1_9' title="bbox 365 4296 960 4384">
     <span class='ocr_line' id='line_1_28' title="bbox 365 4296 960 4384; baseline -0.012 -20"><span class='ocrx_word' id='word_1_147' title='bbox 365 4309 495 4384; x_wconf 85' lang='lat' dir='ltr'>peccata</span> <span class='ocrx_word' id='word_1_148' title='bbox 516 4320 610 4382; x_wconf 91' lang='lat' dir='ltr'>super</span> <span class='ocrx_word' id='word_1_149' title='bbox 631 4303 762 4382; x_wconf 77' lang='lat' dir='ltr'>peccate</span> <span class='ocrx_word' id='word_1_150' title='bbox 783 4296 960 4380; x_wconf 75' lang='lat' dir='ltr'>adjicimus.</span> 
     </span>
    </p>
   </div>
   <div class='ocr_carea' id='block_1_6' title="bbox 235 4427 794 4487">
    <p class='ocr_par' dir='ltr' id='par_1_10' title="bbox 235 4427 794 4487">
     <span class='ocr_line' id='line_1_29' title="bbox 235 4427 794 4487; baseline 0 -9"><span class='ocrx_word' id='word_1_151' title='bbox 235 4445 292 4480; x_wconf 68' lang='lat' dir='ltr'>usn.</span> <span class='ocrx_word' id='word_1_152' title='bbox 309 4443 401 4479; x_wconf 75' lang='lat' dir='ltr'>rurore</span> <span class='ocrx_word' id='word_1_153' title='bbox 727 4427 748 4487; x_wconf 82' lang='grc'><strong>3</strong></span> <span class='ocrx_word' id='word_1_154' title='bbox 770 4440 794 4487; x_wconf 76' lang='lat' dir='ltr'>x</span> 
     </span>
    </p>
   </div>
   <div class='ocr_carea' id='block_1_7' title="bbox 0 0 1460 5002">
    <p class='ocr_par' dir='ltr' id='par_1_11' title="bbox 0 0 1460 5002">
     <span class='ocr_line' id='line_1_30' title="bbox 0 0 1460 5002; baseline 0 0"><span class='ocrx_word' id='word_1_155' title='bbox 0 0 1460 5002; x_wconf 95' lang='lat' dir='ltr'> </span> 
     </span>
    </p>
   </div>
  </div>
 </body>
</html>
