2910 5002
415 491 418 496 ’
477 457 648 524 Plancus
673 456 993 524 QUOTIDIANAE.
1224 457 1267 518 23

239 632 286 693 Et
302 638 342 694 tu
358 629 582 708 Sanctissime,
596 628 693 705 bone,

333 755 474 822 Vivifioe
490 757 640 839 Spiritus,

423 884 479 947 Ne
493 903 547 947 me
560 882 718 966 despicias

467 1011 670 1095 Spinenlnm
684 1018 791 1086 tuum,

511 1139 634 1202 Ssmts
645 1144 704 1200 tua
717 1157 760 1200 ne
774 1135 937 1219 despicias.

198 1266 269 1329 Sed
285 1270 487 1344 convertere,
503 1265 654 1343 Domine,
669 1264 861 1346 usquequo?
884 1271 917 1326 et

245 1391 474 1475 Depreoabilis
488 1399 557 1455 esto
571 1410 667 1473 super
682 1409 774 1453 servo
788 1397 855 1451 tuo.
901 1390 989 1450 Paul.
1006 1409 1053 1451 xc.
1074 1393 1122 1452 13.

427 1773 724 1838 BENDDIC'PUS
741 1794 784 1849 es,
802 1772 952 1848 Domine,

512 1902 601 1964 Deus
615 1909 735 1978 noster,

426 2029 516 2092 Deus
531 2029 666 2092 Patmm
681 2033 873 2102 nostromm,

204 2157 273 2224 Qui
288 2156 452 2220 convertis
465 2155 502 2219 in
516 2175 665 2218 auroram
680 2152 829 2217 umbram
844 2153 967 2229 mortis,
1012 2155 1108 2216 Amos
1123 2176 1151 2216 v.
1169 2158 1198 2216 8.

250 2284 295 2347 Et
311 2302 446 2346 renovas
460 2280 576 2346 faeiem
591 2288 696 2345 terras.
742 2281 798 2343 Ps.
814 2280 873 2344 civ.
891 2281 943 2342 30.

208 2411 276 2476 Qui
292 2409 436 2494 dispellis
450 2408 603 2473 tenebras
617 2429 638 2472 a
650 2408 731 2471 faeie
746 2407 836 2483 lueis,

257 2539 323 2604 Qui
338 2557 467 2600 amoves
481 2543 613 2600 noctem
627 2541 662 2598 et
676 2533 803 2597 reducis
819 2532 922 2595 diem:

208 2667 276 2732 Qui
290 2665 483 2729 illuminasti
497 2664 606 2728 oculos
620 2684 718 2740 meos,

255 2793 309 2857 Ne
323 2792 540 2857 obdormis-em
555 2792 591 2855 in
605 2798 718 2854 morte.
765 2791 820 2852 Pa.
830 2790 904 2860 xiii.
920 2793 951 2853 3.

210 2918 277 2984 Qui
291 2918 436 2982 liberasti
450 2939 503 2982 me
518 2939 538 2980 a
551 2925 674 2982 terrore
688 2924 858 2993 nocturno,

255 3047 287 3108 A
301 3045 432 3128 negotio
446 3044 693 3128 perambulante
707 3044 742 3106 in
757 3043 910 3107 tenebris.
957 3046 1011 3108 Pa.
1030 3048 1089 3110 xci.
1107 3051 1137 3125 5,
1154 3051 1185 3111 6.

212 3169 281 3235 Qui
294 3170 433 3233 transire
447 3170 552 3233 fecisti
568 3190 718 3234 somnum
733 3169 774 3233 ab
788 3169 889 3233 oeulis
904 3170 993 3247 meis,

255 3298 301 3360 Et
315 3318 336 3361 a
348 3296 508 3380 palpebris
523 3296 604 3360 meis
619 3296 890 3359 dormitationem.
936 3298 991 3359 Pa.
1008 3299 1122 3362 cxxxii.
1138 3304 1169 3362 4.

210 3421 280 3487 Qui
293 3441 387 3485 ovare
401 3420 481 3484 facis
495 3421 600 3484 exitus
615 3420 768 3483 matutini
782 3427 815 3482 et
830 3421 1001 3503 vespertini
1017 3425 1179 3504 temporis.
1205 3429 1258 3491 Pa.
1276 3432 1335 3496 lxv.
1353 3444 1382 3498 8.

212 3549 302 3615 Quia
316 3548 464 3625 decubui,
480 3556 513 3611 et
527 3548 716 3626 obdormivi,
733 3557 766 3611 et
780 3550 952 3613 exsurrexi.
1000 3552 1055 3613 Ps.
1072 3550 1116 3612 iii.
1134 3555 1164 3613 5.

260 3676 422 3742 Quoniam
436 3682 484 3754 tu,
500 3677 650 3754 Domine,
667 3676 836 3759 suscepisti
851 3699 913 3739 me.
960 3679 1014 3738 Pa.
1032 3679 1072 3741 iv.
1089 3680 1120 3740 9.

212 3804 302 3869 Quia
317 3803 358 3867 de
372 3825 484 3867 somno
499 3804 671 3866 suscitatus
687 3825 769 3875 sum,
785 3811 818 3866 et
833 3804 907 3879 vidi,

259 3932 304 3994 Et
319 3952 451 3995 somnus
466 3953 557 3995 meus
572 3931 673 3994 dulcis
688 3931 767 3993 mihi
783 3937 861 3992 erat.
906 3931 972 3992 Jer.
990 3932 1072 3993 xxxi.
1090 3936 1142 3996 26.

216 4057 312 4134 Dele,
321 4058 470 4133 Domine,
477 4058 559 4121 sicut
567 4058 688 4121 nubem
697 4057 801 4120 noetis
812 4057 1000 4138 iniquitates
1009 4079 1107 4134 mess,
1114 4067 1147 4122 et
1157 4060 1273 4141 dissipa

262 4184 548 4248 sieutmstntinam
557 4184 709 4249 nebulam
720 4192 942 4267 peccatamea.
973 4184 1038 4246 Isa.
1049 4185 1122 4247 xliv.
1133 4190 1185 4249 22.

214 4313 271 4376 Da
285 4311 376 4389 mihi,
390 4322 428 4375 ut
443 4312 504 4374 sim
518 4312 601 4375 filius
615 4313 705 4388 lueis,
720 4312 805 4375 filius
820 4310 891 4386 diei,
939 4311 967 4372 1.
987 4312 1088 4372 lbess.
1106 4335 1135 4373 v.
1152 4316 1182 4372 5.
