2910 5002
167 379 175 390 ’
203 414 265 478 118
482 413 621 477 mm
645 412 983 479 KAOHMEPINAI.

331 581 506 666 Μνήσθητι
528 587 584 665 τῆς
606 581 701 664 άιγίας
723 581 928 662 Ἐκκλησίας
951 609 1023 663 σου,

202 713 260 792 τῆς
282 708 348 775 ἀπὸ
368 708 518 796 περάτων
539 710 593 776 καί
616 709 673 780 ἕως
695 709 842 797 περάτων
863 713 920 793 τής
942 709 1138 793 οἰκουμένης,
1216 788 1221 793 ,

419 837 473 902 καὶ
495 837 676 926 είρήνευσον
697 835 806 920 αὑτήν,

201 965 240 1046 ἣν
261 963 480 1053 περιεποιήσω
502 967 550 1052 τῷ
570 965 664 1050 τιμίῳ
686 963 801 1047 αἵματί
820 992 893 1040 σου,

461 1092 515 1157 καὶ
537 1092 716 1181 στερέωσον
738 1091 847 1175 αὐτήν,

245 1217 344 1308 μέχρι
366 1222 422 1301 τῆς
445 1219 633 1288 συντελείας
655 1223 712 1285 τοῦ
734 1218 867 1302 κόσμου.

203 1471 379 1554 Μνήσθητι
408 1476 472 1539 τῶν
500 1472 799 1560 καρποφορούντων,
830 1473 884 1539 καί
913 1473 1191 1562 καλλιερηοάντων

333 1601 366 1665 ἐν
391 1603 460 1670 ταῖς
483 1599 589 1682 άηίαις
612 1626 674 1666 σου
696 1600 892 1681 ἐκκλησίαις,

290 1728 345 1794 καί
366 1728 570 1811 μεμνημένων
591 1732 654 1794 τῶν
674 1728 820 1812 πενήτων
841 1729 896 1796 καὶ
919 1728 1139 1813 ἐπιδεομίνων,

592 1855 734 1941 άμειφαι
755 1854 871 1930 αὐτοῖς,

246 1987 311 2051 τοῖς
332 1981 505 2049 πλουσίοις
529 2007 591 2046 σου
613 1980 668 2047 καὶ
689 1981 888 2068 ἐπουρανίοις
910 1967 1104 2069 χαρίσμααι·

592 2109 730 2199 χάρισαι
752 2109 867 2185 αὐτοῖς,

290 2237 361 2304 ἀντὶ
383 2241 446 2304 τῶν
467 2238 642 2324 ἐπιγείωνΙ
758 2238 799 2304 τά
823 2238 1006 2328 ἐπουράνια,

289 2368 360 2435 ἀντὶ
382 2371 445 2435 τῶν
466 2367 618 2455 φθαρτῶν
757 2367 799 2434 τά
821 2367 982 2456 ἄφθαρτα,

289 2496 360 2564 ἀντὶ
382 2501 445 2564 τῶν
466 2496 674 2584 προσκαίρων
753 2495 796 2561 τὰ
816 2495 939 2563 αἰώνια.

203 2695 380 2777 Μνήσθητι
401 2698 466 2760 τῶν
488 2694 521 2758 ἐν
543 2694 711 2782 παρθενίη,
736 2694 790 2759 καὶ
812 2693 936 2784 ἀγνεία,

461 2819 515 2884 καὶ
536 2818 686 2901 ἀσκήσει,

288 2947 336 3012 ἔτι
358 2945 393 3011 δὲ
415 2945 469 3012 καὶ
491 2947 524 3010 ἐν
547 2950 655 3034 σεμνῷ
675 2946 781 3034 ηάμῳ,
805 2947 838 3012 ἐν
861 2947 1017 3037 εὐλαβείᾳ

460 3072 515 3139 καί
531 3073 626 3161 φόβῳ
648 3101 709 3140 σου
732 3073 912 3158 διαγόντων.

331 3266 507 3352 Μνήσθητι
528 3269 638 3350 πάσης
659 3275 775 3360 ψυχῆς
796 3275 997 3359 Χριστιανής

245 3396 447 3480 θλιβομένης,
470 3397 524 3463 καί
546 3400 832 3480 καταπονουμίνης,
856 3400 910 3464 καὶ
932 3397 1172 3480 ἀγωνιζομένης,

331 3524 438 3597 ἐλέους
459 3528 494 3591 τί
517 3553 578 3592 σου
601 3527 655 3592 καὶ
675 3525 829 3606 βοηθείας
852 3525 1008 3607 δεομένης·

288 3651 426 3717 καὶτῶν
448 3654 482 3718 ἐν
503 3651 753 3739 αἰχμαλωσίαις,
776 3651 830 3716 καὶ
852 3652 886 3716 ἐν
908 3655 1079 3737 φυλακαῖς,
1102 3651 1156 3716 καί

244 3778 382 3861 δεσμοῖς,
407 3777 462 3842 καὶ
483 3783 611 3865 πικραῖς
632 3778 790 3852 δουλείαις
811 3778 911 3846 άντων
933 3777 1092 3864 ἀδελφῶν,

285 3911 434 3996 χορηγῶν
456 3906 657 3994 ἐπιστροφήν
678 3913 744 3978 τοῖς
766 3907 1033 3991 πεπλανημένοις,

158 4030 162 4036 ’
373 4034 496 4118 άιγιείαν
517 4038 582 4103 τοῖς
604 4033 789 4114 ἀσθενοῦσι,

373 4161 547 4250 ἀνάρρυσιν
569 4165 635 4231 τοῖς
657 4161 889 4249 αἰχμαλώτοις.
