<?xml version="1.0" encoding="UTF-8"?>
<!DOCTYPE html PUBLIC "-//W3C//DTD XHTML 1.0 Transitional//EN"
    "http://www.w3.org/TR/xhtml1/DTD/xhtml1-transitional.dtd">
<html xmlns="http://www.w3.org/1999/xhtml" xml:lang="en" lang="en">
 <head>
  <title>
</title>
<meta http-equiv="Content-Type" content="text/html;charset=utf-8" />
  <meta name='ocr-system' content='tesseract 3.04.00' />
  <meta name='ocr-capabilities' content='ocr_page ocr_carea ocr_par ocr_line ocrx_word'/>
</head>
<body>
  <div class='ocr_page' id='page_1' title='image "./precesprivataeq00andrgoog_0377.png"; bbox 0 0 2910 5002; ppageno 0'>
   <div class='ocr_carea' id='block_1_1' title="bbox 241 449 1028 520">
    <p class='ocr_par' dir='ltr' id='par_1_1' title="bbox 241 449 1028 520">
     <span class='ocr_line' id='line_1_1' title="bbox 241 449 1028 520; baseline -0.008 0"><span class='ocrx_word' id='word_1_1' title='bbox 241 458 307 520; x_wconf 76' lang='lat'><strong>354</strong></span> <span class='ocrx_word' id='word_1_2' title='bbox 512 453 684 518; x_wconf 82' lang='lat' dir='ltr'>PRECES</span> <span class='ocrx_word' id='word_1_3' title='bbox 709 449 1028 518; x_wconf 75' lang='lat' dir='ltr'><strong>QUUPIDIANAE.</strong></span> 
     </span>
    </p>
   </div>
   <div class='ocr_carea' id='block_1_2' title="bbox 218 622 1309 2619">
    <p class='ocr_par' dir='ltr' id='par_1_2' title="bbox 737 622 860 686">
     <span class='ocr_line' id='line_1_2' title="bbox 737 622 860 686; baseline 0.008 -1"><span class='ocrx_word' id='word_1_4' title='bbox 737 622 800 686; x_wconf 83' lang='lat' dir='ltr'><strong>VI.</strong></span> <span class='ocrx_word' id='word_1_5' title='bbox 854 647 860 662; x_wconf 94' lang='lat'><strong>·</strong></span> 
     </span>
    </p>

    <p class='ocr_par' dir='ltr' id='par_1_3' title="bbox 265 748 1309 964">
     <span class='ocr_line' id='line_1_3' title="bbox 265 748 1309 835; baseline 0 -21"><span class='ocrx_word' id='word_1_6' title='bbox 265 751 294 815; x_wconf 92' lang='lat'><strong>1.</strong></span> <span class='ocrx_word' id='word_1_7' title='bbox 318 750 372 816; x_wconf 89' lang='lat' dir='ltr'><strong>Ne</strong></span> <span class='ocrx_word' id='word_1_8' title='bbox 389 770 448 835; x_wconf 90' lang='lat' dir='ltr'><strong>per</strong></span> <span class='ocrx_word' id='word_1_9' title='bbox 463 769 524 813; x_wconf 87' lang='lat' dir='ltr'><strong>nos</strong></span> <span class='ocrx_word' id='word_1_10' title='bbox 544 748 785 834; x_wconf 77' lang='lat' dir='ltr'><strong>blasphemetur</strong></span> <span class='ocrx_word' id='word_1_11' title='bbox 801 769 922 814; x_wconf 90' lang='lat' dir='ltr'><strong>nomen</strong></span> <span class='ocrx_word' id='word_1_12' title='bbox 943 749 1051 813; x_wconf 81' lang='lat' dir='ltr'><strong>Tuum</strong></span> <span class='ocrx_word' id='word_1_13' title='bbox 1068 748 1105 814; x_wconf 93' lang='lat' dir='ltr'><strong>in</strong></span> <span class='ocrx_word' id='word_1_14' title='bbox 1127 749 1309 816; x_wconf 77' lang='lat' dir='ltr'><strong>Gentibus.</strong></span> 
     </span>
     <span class='ocr_line' id='line_1_4' title="bbox 377 877 631 964; baseline 0 -21"><span class='ocrx_word' id='word_1_15' title='bbox 377 878 479 964; x_wconf 84' lang='lat' dir='ltr'><strong>[Rom.</strong></span> <span class='ocrx_word' id='word_1_16' title='bbox 503 879 539 944; x_wconf 94' lang='lat' dir='ltr'><strong>ii.</strong></span> <span class='ocrx_word' id='word_1_17' title='bbox 561 877 631 962; x_wconf 69' lang='lat' dir='ltr'><strong>cd]</strong></span> 
     </span>
    </p>

    <p class='ocr_par' dir='ltr' id='par_1_4' title="bbox 265 1002 1303 1219">
     <span class='ocr_line' id='line_1_5' title="bbox 265 1002 1303 1088; baseline -0.002 -17"><span class='ocrx_word' id='word_1_18' title='bbox 265 1008 297 1071; x_wconf 80' lang='lat'><strong>2.</strong></span> <span class='ocrx_word' id='word_1_19' title='bbox 321 1006 459 1071; x_wconf 78' lang='lat' dir='ltr'><strong>Pereunt</strong></span> <span class='ocrx_word' id='word_1_20' title='bbox 481 1025 593 1069; x_wconf 87' lang='lat' dir='ltr'><strong>omnes</strong></span> <span class='ocrx_word' id='word_1_21' title='bbox 610 1004 757 1069; x_wconf 78' lang='lat' dir='ltr'><strong>nationes</strong></span> <span class='ocrx_word' id='word_1_22' title='bbox 772 1011 807 1069; x_wconf 87' lang='lat' dir='ltr'><strong>et</strong></span> <span class='ocrx_word' id='word_1_23' title='bbox 825 1022 927 1088; x_wconf 82' lang='lat' dir='ltr'><strong>reges,</strong></span> <span class='ocrx_word' id='word_1_24' title='bbox 943 1002 1000 1087; x_wconf 89' lang='lat' dir='ltr'><strong>qui</strong></span> <span class='ocrx_word' id='word_1_25' title='bbox 1013 1023 1116 1088; x_wconf 81' lang='lat' dir='ltr'><strong>regno</strong></span> <span class='ocrx_word' id='word_1_26' title='bbox 1136 1005 1207 1070; x_wconf 75' lang='lat' dir='ltr'><strong>&#39;duo</strong></span> <span class='ocrx_word' id='word_1_27' title='bbox 1229 1027 1303 1070; x_wconf 96' lang='lat' dir='ltr'><strong>non</strong></span> 
     </span>
     <span class='ocr_line' id='line_1_6' title="bbox 382 1131 1302 1219; baseline 0 -22"><span class='ocrx_word' id='word_1_28' title='bbox 382 1133 570 1212; x_wconf 83' lang='lat' dir='ltr'><strong>inserviunt,</strong></span> <span class='ocrx_word' id='word_1_29' title='bbox 592 1141 625 1198; x_wconf 91' lang='lat' dir='ltr'><strong>et</strong></span> <span class='ocrx_word' id='word_1_30' title='bbox 643 1133 841 1198; x_wconf 75' lang='lat' dir='ltr'><strong>desolatione</strong></span> <span class='ocrx_word' id='word_1_31' title='bbox 864 1131 1059 1196; x_wconf 76' lang='lat' dir='ltr'><strong>desolentur.</strong></span> <span class='ocrx_word' id='word_1_32' title='bbox 1088 1132 1143 1217; x_wconf 83' lang='lat' dir='ltr'><strong>[Is.</strong></span> <span class='ocrx_word' id='word_1_33' title='bbox 1167 1132 1209 1196; x_wconf 88' lang='lat' dir='ltr'><strong>lx.</strong></span> <span class='ocrx_word' id='word_1_34' title='bbox 1232 1133 1302 1219; x_wconf 70' lang='lat' dir='ltr'><strong>lc]</strong></span> 
     </span>
    </p>

    <p class='ocr_par' dir='ltr' id='par_1_5' title="bbox 266 1258 1306 1473">
     <span class='ocr_line' id='line_1_7' title="bbox 266 1258 1306 1343; baseline -0.002 -17"><span class='ocrx_word' id='word_1_35' title='bbox 266 1263 297 1326; x_wconf 79' lang='lat'><strong>3.</strong></span> <span class='ocrx_word' id='word_1_36' title='bbox 323 1263 396 1327; x_wconf 84' lang='lat' dir='ltr'><strong>Stet</strong></span> <span class='ocrx_word' id='word_1_37' title='bbox 415 1280 513 1327; x_wconf 91' lang='lat' dir='ltr'><strong>omne</strong></span> <span class='ocrx_word' id='word_1_38' title='bbox 534 1259 705 1325; x_wconf 88' lang='lat' dir='ltr'><strong>consilium</strong></span> <span class='ocrx_word' id='word_1_39' title='bbox 727 1259 844 1338; x_wconf 75' lang='lat' dir='ltr'><strong>Tuum,</strong></span> <span class='ocrx_word' id='word_1_40' title='bbox 860 1263 894 1322; x_wconf 87' lang='lat' dir='ltr'><strong>et</strong></span> <span class='ocrx_word' id='word_1_41' title='bbox 916 1258 1026 1323; x_wconf 80' lang='lat' dir='ltr'><strong>omnic</strong></span> <span class='ocrx_word' id='word_1_42' title='bbox 1043 1278 1116 1343; x_wconf 81' lang='lat' dir='ltr'><strong>quoe</strong></span> <span class='ocrx_word' id='word_1_43' title='bbox 1133 1259 1306 1326; x_wconf 69' lang='lat' dir='ltr'><strong>decrevisti</strong></span> 
     </span>
     <span class='ocr_line' id='line_1_8' title="bbox 375 1384 873 1473; baseline -0.008 -20"><span class='ocrx_word' id='word_1_44' title='bbox 375 1387 592 1473; x_wconf 84' lang='lat' dir='ltr'><strong>perficientur.</strong></span> <span class='ocrx_word' id='word_1_45' title='bbox 641 1386 698 1471; x_wconf 82' lang='lat' dir='ltr'><strong>[Is.</strong></span> <span class='ocrx_word' id='word_1_46' title='bbox 714 1386 789 1451; x_wconf 81' lang='lat' dir='ltr'><strong>xlvi.</strong></span> <span class='ocrx_word' id='word_1_47' title='bbox 806 1384 873 1470; x_wconf 90' lang='lat' dir='ltr'><strong>1o.]</strong></span> 
     </span>
    </p>

    <p class='ocr_par' dir='ltr' id='par_1_6' title="bbox 266 1513 1305 1728">
     <span class='ocr_line' id='line_1_9' title="bbox 266 1513 1305 1598; baseline -0.002 -18"><span class='ocrx_word' id='word_1_48' title='bbox 266 1520 298 1580; x_wconf 82' lang='lat'><strong>4.</strong></span> <span class='ocrx_word' id='word_1_49' title='bbox 322 1517 375 1581; x_wconf 84' lang='lat' dir='ltr'><strong>De</strong></span> <span class='ocrx_word' id='word_1_50' title='bbox 396 1536 506 1581; x_wconf 87' lang='lat' dir='ltr'><strong>semen</strong></span> <span class='ocrx_word' id='word_1_51' title='bbox 535 1514 718 1595; x_wconf 79' lang='lat' dir='ltr'><strong>seminanti,</strong></span> <span class='ocrx_word' id='word_1_52' title='bbox 741 1521 774 1579; x_wconf 90' lang='lat' dir='ltr'><strong>et</strong></span> <span class='ocrx_word' id='word_1_53' title='bbox 804 1513 847 1578; x_wconf 82' lang='lat' dir='ltr'><strong>de</strong></span> <span class='ocrx_word' id='word_1_54' title='bbox 874 1515 1117 1579; x_wconf 77' lang='lat' dir='ltr'><strong>firmamentum</strong></span> <span class='ocrx_word' id='word_1_55' title='bbox 1137 1513 1231 1598; x_wconf 86' lang='lat' dir='ltr'><strong>punis</strong></span> <span class='ocrx_word' id='word_1_56' title='bbox 1261 1514 1305 1578; x_wconf 79' lang='lat' dir='ltr'><strong>ud</strong></span> 
     </span>
     <span class='ocr_line' id='line_1_10' title="bbox 374 1641 771 1728; baseline -0.008 -20"><span class='ocrx_word' id='word_1_57' title='bbox 374 1643 506 1708; x_wconf 85' lang='lat' dir='ltr'><strong>victum.</strong></span> <span class='ocrx_word' id='word_1_58' title='bbox 555 1641 614 1728; x_wconf 83' lang='lat' dir='ltr'><strong>[Is.</strong></span> <span class='ocrx_word' id='word_1_59' title='bbox 637 1643 678 1706; x_wconf 87' lang='lat' dir='ltr'><strong>lv.</strong></span> <span class='ocrx_word' id='word_1_60' title='bbox 706 1642 771 1726; x_wconf 92' lang='grc'><strong>10.]</strong></span> 
     </span>
    </p>

    <p class='ocr_par' dir='ltr' id='par_1_7' title="bbox 269 1769 1307 1854">
     <span class='ocr_line' id='line_1_11' title="bbox 269 1769 1307 1854; baseline 0.002 -21"><span class='ocrx_word' id='word_1_61' title='bbox 269 1773 300 1836; x_wconf 76' lang='grc' dir='ltr'><strong>ὅ.</strong></span> <span class='ocrx_word' id='word_1_62' title='bbox 323 1770 378 1835; x_wconf 89' lang='lat' dir='ltr'><strong>Ne</strong></span> <span class='ocrx_word' id='word_1_63' title='bbox 406 1769 552 1834; x_wconf 67' lang='lat' dir='ltr'><strong>iruscmis</strong></span> <span class='ocrx_word' id='word_1_64' title='bbox 580 1769 674 1833; x_wconf 88' lang='lat' dir='ltr'><strong>nobis</strong></span> <span class='ocrx_word' id='word_1_65' title='bbox 696 1769 798 1846; x_wconf 83' lang='lat' dir='ltr'><strong>valde,</strong></span> <span class='ocrx_word' id='word_1_66' title='bbox 823 1777 856 1834; x_wconf 88' lang='lat' dir='ltr'><strong>et</strong></span> <span class='ocrx_word' id='word_1_67' title='bbox 877 1791 920 1834; x_wconf 93' lang='lat' dir='ltr'><strong>ne</strong></span> <span class='ocrx_word' id='word_1_68' title='bbox 948 1770 986 1834; x_wconf 90' lang='lat' dir='ltr'><strong>in</strong></span> <span class='ocrx_word' id='word_1_69' title='bbox 1013 1776 1159 1854; x_wconf 87' lang='lat' dir='ltr'><strong>tempore</strong></span> <span class='ocrx_word' id='word_1_70' title='bbox 1187 1770 1307 1835; x_wconf 88' lang='lat' dir='ltr'><strong>memi-</strong></span> 
     </span>
    </p>

    <p class='ocr_par' dir='ltr' id='par_1_8' title="bbox 255 1899 1305 2113">
     <span class='ocr_line' id='line_1_12' title="bbox 255 1899 1305 1984; baseline 0.002 -23"><span class='ocrx_word' id='word_1_71' title='bbox 255 1901 260 1910; x_wconf 88' lang='lat'>&#39;</span> <span class='ocrx_word' id='word_1_72' title='bbox 375 1899 462 1963; x_wconf 86' lang='lat' dir='ltr'><strong>neris</strong></span> <span class='ocrx_word' id='word_1_73' title='bbox 482 1904 688 1982; x_wconf 76' lang='lat' dir='ltr'><strong>peccatorum</strong></span> <span class='ocrx_word' id='word_1_74' title='bbox 701 1906 894 1963; x_wconf 77' lang='lat' dir='ltr'><strong>nostrorunn</strong></span> <span class='ocrx_word' id='word_1_75' title='bbox 942 1900 1036 1978; x_wconf 84' lang='lat' dir='ltr'><strong>Ecce,</strong></span> <span class='ocrx_word' id='word_1_76' title='bbox 1050 1899 1184 1984; x_wconf 85' lang='lat' dir='ltr'><strong>respice,</strong></span> <span class='ocrx_word' id='word_1_77' title='bbox 1199 1919 1305 1984; x_wconf 87' lang='lat' dir='ltr'><strong>popu-</strong></span> 
     </span>
     <span class='ocr_line' id='line_1_13' title="bbox 375 2024 1037 2113; baseline 0.005 -23"><span class='ocrx_word' id='word_1_78' title='bbox 375 2026 427 2091; x_wconf 86' lang='lat' dir='ltr'><strong>lus</strong></span> <span class='ocrx_word' id='word_1_79' title='bbox 448 2028 537 2091; x_wconf 81' lang='lat' dir='ltr'><strong>Tuus</strong></span> <span class='ocrx_word' id='word_1_80' title='bbox 558 2046 672 2091; x_wconf 89' lang='lat' dir='ltr'><strong>omnes</strong></span> <span class='ocrx_word' id='word_1_81' title='bbox 694 2047 762 2092; x_wconf 81' lang='lat' dir='ltr'><strong>nos</strong></span> <span class='ocrx_word' id='word_1_82' title='bbox 811 2024 869 2111; x_wconf 81' lang='lat' dir='ltr'><strong>[Ic.</strong></span> <span class='ocrx_word' id='word_1_83' title='bbox 892 2027 968 2094; x_wconf 84' lang='lat' dir='ltr'><strong>lxiv.</strong></span> <span class='ocrx_word' id='word_1_84' title='bbox 992 2027 1037 2113; x_wconf 89' lang='lat'><strong>9.]</strong></span> 
     </span>
    </p>

    <p class='ocr_par' dir='ltr' id='par_1_9' title="bbox 218 2152 1306 2364">
     <span class='ocr_line' id='line_1_14' title="bbox 218 2152 1306 2237; baseline 0.006 -23"><span class='ocrx_word' id='word_1_85' title='bbox 218 2200 222 2208; x_wconf 93' lang='lat'><strong>.</strong></span> <span class='ocrx_word' id='word_1_86' title='bbox 266 2153 297 2216; x_wconf 89' lang='grc'><strong>6.</strong></span> <span class='ocrx_word' id='word_1_87' title='bbox 320 2152 375 2218; x_wconf 92' lang='lat' dir='ltr'><strong>Ne</strong></span> <span class='ocrx_word' id='word_1_88' title='bbox 388 2172 546 2237; x_wconf 86' lang='lat' dir='ltr'><strong>ponemus</strong></span> <span class='ocrx_word' id='word_1_89' title='bbox 559 2172 704 2237; x_wconf 80' lang='lat' dir='ltr'><strong>unquam</strong></span> <span class='ocrx_word' id='word_1_90' title='bbox 718 2161 794 2218; x_wconf 87' lang='lat' dir='ltr'><strong>ente</strong></span> <span class='ocrx_word' id='word_1_91' title='bbox 808 2155 918 2221; x_wconf 87' lang='lat' dir='ltr'><strong>oculos</strong></span> <span class='ocrx_word' id='word_1_92' title='bbox 932 2161 1061 2222; x_wconf 78' lang='lat' dir='ltr'><strong>nostros</strong></span> <span class='ocrx_word' id='word_1_93' title='bbox 1072 2152 1306 2221; x_wconf 78' lang='lat' dir='ltr'><strong>offendiculum</strong></span> 
     </span>
     <span class='ocr_line' id='line_1_15' title="bbox 374 2279 869 2364; baseline 0.006 -21"><span class='ocrx_word' id='word_1_94' title='bbox 374 2279 565 2364; x_wconf 79' lang='lat' dir='ltr'><strong>iniquitatis.</strong></span> <span class='ocrx_word' id='word_1_95' title='bbox 609 2281 727 2346; x_wconf 75' lang='lat' dir='ltr'><strong>Esecd.</strong></span> <span class='ocrx_word' id='word_1_96' title='bbox 751 2282 814 2346; x_wconf 80' lang='lat' dir='ltr'><strong>xiv.</strong></span> <span class='ocrx_word' id='word_1_97' title='bbox 838 2285 869 2346; x_wconf 82' lang='lat'><strong>4.</strong></span> 
     </span>
    </p>

    <p class='ocr_par' dir='ltr' id='par_1_10' title="bbox 266 2407 1302 2619">
     <span class='ocr_line' id='line_1_16' title="bbox 266 2407 1302 2497; baseline 0.002 -25"><span class='ocrx_word' id='word_1_98' title='bbox 266 2410 296 2472; x_wconf 81' lang='grc'><strong>7.</strong></span> <span class='ocrx_word' id='word_1_99' title='bbox 319 2407 374 2472; x_wconf 91' lang='lat' dir='ltr'><strong>Ne</strong></span> <span class='ocrx_word' id='word_1_100' title='bbox 387 2426 487 2492; x_wconf 80' lang='lat' dir='ltr'><strong>ponus</strong></span> <span class='ocrx_word' id='word_1_101' title='bbox 501 2407 616 2474; x_wconf 82' lang='lat' dir='ltr'><strong>suciem</strong></span> <span class='ocrx_word' id='word_1_102' title='bbox 631 2409 734 2474; x_wconf 79' lang='lat' dir='ltr'><strong>Tuum</strong></span> <span class='ocrx_word' id='word_1_103' title='bbox 749 2416 863 2475; x_wconf 82' lang='lat' dir='ltr'><strong>contro</strong></span> <span class='ocrx_word' id='word_1_104' title='bbox 876 2430 937 2477; x_wconf 84' lang='lat' dir='ltr'><strong>nos</strong></span> <span class='ocrx_word' id='word_1_105' title='bbox 951 2411 988 2477; x_wconf 93' lang='lat' dir='ltr'><strong>in</strong></span> <span class='ocrx_word' id='word_1_106' title='bbox 1000 2411 1134 2478; x_wconf 80' lang='lat' dir='ltr'><strong>molum.</strong></span> <span class='ocrx_word' id='word_1_107' title='bbox 1169 2408 1302 2497; x_wconf 73' lang='lat' dir='ltr'><strong>[Ezeclae.</strong></span> 
     </span>
     <span class='ocr_line' id='line_1_17' title="bbox 375 2534 496 2619; baseline 0.017 -20"><span class='ocrx_word' id='word_1_108' title='bbox 375 2556 426 2599; x_wconf 73' lang='grc' dir='ltr'><strong>ιν.</strong></span> <span class='ocrx_word' id='word_1_109' title='bbox 451 2534 496 2619; x_wconf 87' lang='grc'><strong>7.]</strong></span> 
     </span>
    </p>
   </div>
   <div class='ocr_carea' id='block_1_3' title="bbox 377 2703 1043 3180">
    <p class='ocr_par' dir='ltr' id='par_1_11' title="bbox 377 2703 1043 3180">
     <span class='ocr_line' id='line_1_18' title="bbox 507 2703 1043 2771; baseline -0.002 -1"><span class='ocrx_word' id='word_1_110' title='bbox 507 2703 548 2770; x_wconf 79' lang='lat' dir='ltr'><strong>In</strong></span> <span class='ocrx_word' id='word_1_111' title='bbox 572 2704 814 2770; x_wconf 79' lang='lat' dir='ltr'><strong>Proedicatione.</strong></span> <span class='ocrx_word' id='word_1_112' title='bbox 859 2707 937 2770; x_wconf 68' lang='lat' dir='ltr'><strong>Ince.</strong></span> <span class='ocrx_word' id='word_1_113' title='bbox 959 2727 990 2771; x_wconf 86' lang='lat' dir='ltr'><strong>v.</strong></span> <span class='ocrx_word' id='word_1_114' title='bbox 1013 2707 1043 2769; x_wconf 84' lang='lat'><strong>5.</strong></span> 
     </span>
     <span class='ocr_line' id='line_1_19' title="bbox 377 2841 975 2923; baseline 0.003 -17"><span class='ocrx_word' id='word_1_115' title='bbox 377 2841 536 2923; x_wconf 91' lang='lat' dir='ltr'><strong>Mundus,</strong></span> <span class='ocrx_word' id='word_1_116' title='bbox 871 2844 975 2909; x_wconf 86' lang='lat' dir='ltr'><strong>Mare.</strong></span> 
     </span>
     <span class='ocr_line' id='line_1_20' title="bbox 378 2968 992 3048; baseline 0.005 -15"><span class='ocrx_word' id='word_1_117' title='bbox 378 2969 548 3048; x_wconf 80' lang='lat' dir='ltr'><strong>Homines,</strong></span> <span class='ocrx_word' id='word_1_118' title='bbox 872 2968 992 3036; x_wconf 83' lang='lat' dir='ltr'><strong>Pisces.</strong></span> 
     </span>
     <span class='ocr_line' id='line_1_21' title="bbox 378 3099 1021 3180; baseline -0.003 -15"><span class='ocrx_word' id='word_1_119' title='bbox 378 3100 531 3180; x_wconf 84' lang='lat' dir='ltr'><strong>Ecclesia,</strong></span> <span class='ocrx_word' id='word_1_120' title='bbox 870 3099 1021 3164; x_wconf 85' lang='lat' dir='ltr'><strong>Lembus.</strong></span> 
     </span>
    </p>
   </div>
   <div class='ocr_carea' id='block_1_4' title="bbox 378 3226 1028 3432">
    <p class='ocr_par' dir='ltr' id='par_1_12' title="bbox 378 3226 1028 3432">
     <span class='ocr_line' id='line_1_22' title="bbox 378 3226 1028 3306; baseline 0 -16"><span class='ocrx_word' id='word_1_121' title='bbox 378 3226 581 3306; x_wconf 63' lang='lat' dir='ltr'><strong>Praedicator,</strong></span> <span class='ocrx_word' id='word_1_122' title='bbox 873 3227 1028 3292; x_wconf 83' lang='lat' dir='ltr'><strong>Piscator.</strong></span> 
     </span>
     <span class='ocr_line' id='line_1_23' title="bbox 378 3352 967 3432; baseline 0.002 -15"><span class='ocrx_word' id='word_1_123' title='bbox 378 3352 536 3432; x_wconf 88' lang='lat' dir='ltr'><strong>Verbum,</strong></span> <span class='ocrx_word' id='word_1_124' title='bbox 873 3355 967 3418; x_wconf 83' lang='lat' dir='ltr'><strong>Bete.</strong></span> 
     </span>
    </p>
   </div>
   <div class='ocr_carea' id='block_1_5' title="bbox 665 3565 889 3631">
    <p class='ocr_par' dir='ltr' id='par_1_13' title="bbox 665 3565 889 3631">
     <span class='ocr_line' id='line_1_24' title="bbox 665 3565 889 3631; baseline 0.013 -3"><span class='ocrx_word' id='word_1_125' title='bbox 665 3567 723 3629; x_wconf 83' lang='lat' dir='ltr'><strong>Ad</strong></span> <span class='ocrx_word' id='word_1_126' title='bbox 750 3565 889 3631; x_wconf 68' lang='lat' dir='ltr'><strong>Verbum</strong></span> 
     </span>
    </p>
   </div>
   <div class='ocr_carea' id='block_1_6' title="bbox 250 3674 1306 3915">
    <p class='ocr_par' dir='ltr' id='par_1_14' title="bbox 250 3674 1306 3915">
     <span class='ocr_line' id='line_1_25' title="bbox 250 3674 1306 3799; baseline -0.001 -35"><span class='ocrx_word' id='word_1_127' title='bbox 250 3674 381 3764; x_wconf 31' lang='lat' dir='ltr'><strong>Revela*</strong></span> <span class='ocrx_word' id='word_1_128' title='bbox 391 3700 500 3765; x_wconf 87' lang='lat' dir='ltr'><strong>oculos</strong></span> <span class='ocrx_word' id='word_1_129' title='bbox 521 3721 621 3780; x_wconf 88' lang='lat' dir='ltr'><strong>meos,</strong></span> <span class='ocrx_word' id='word_1_130' title='bbox 637 3708 670 3766; x_wconf 91' lang='lat' dir='ltr'><strong>et</strong></span> <span class='ocrx_word' id='word_1_131' title='bbox 692 3702 872 3788; x_wconf 84' lang='lat' dir='ltr'><strong>intelligam</strong></span> <span class='ocrx_word' id='word_1_132' title='bbox 889 3702 1053 3770; x_wconf 77' lang='lat' dir='ltr'><strong>mirabilis</strong></span> <span class='ocrx_word' id='word_1_133' title='bbox 1070 3701 1110 3767; x_wconf 88' lang='lat' dir='ltr'><strong>de</strong></span> <span class='ocrx_word' id='word_1_134' title='bbox 1131 3702 1204 3785; x_wconf 82' lang='lat' dir='ltr'><strong>lege</strong></span> <span class='ocrx_word' id='word_1_135' title='bbox 1221 3701 1306 3799; x_wconf 71' lang='lat' dir='ltr'><strong>Tuo.</strong></span> 
     </span>
     <span class='ocr_line' id='line_1_26' title="bbox 340 3818 686 3915; baseline 0.009 -23"><span class='ocrx_word' id='word_1_136' title='bbox 340 3828 442 3914; x_wconf 72' lang='lat' dir='ltr'><strong>[Psoi.</strong></span> <span class='ocrx_word' id='word_1_137' title='bbox 466 3829 547 3894; x_wconf 83' lang='lat' dir='ltr'><strong>cxix.</strong></span> <span class='ocrx_word' id='word_1_138' title='bbox 572 3828 637 3915; x_wconf 87' lang='lat'><strong>18.]</strong></span> <span class='ocrx_word' id='word_1_139' title='bbox 671 3818 686 3848; x_wconf 77' lang='lat'>⁸</span> 
     </span>
    </p>
   </div>
   <div class='ocr_carea' id='block_1_7' title="bbox 250 3955 1303 4173">
    <p class='ocr_par' dir='ltr' id='par_1_15' title="bbox 250 3955 1303 4173">
     <span class='ocr_line' id='line_1_27' title="bbox 250 3955 1303 4043; baseline 0.001 -22"><span class='ocrx_word' id='word_1_140' title='bbox 250 3955 349 4037; x_wconf 76' lang='lat' dir='ltr'><strong>Tolle,</strong></span> <span class='ocrx_word' id='word_1_141' title='bbox 373 3956 524 4039; x_wconf 90' lang='lat' dir='ltr'><strong>Domine,</strong></span> <span class='ocrx_word' id='word_1_142' title='bbox 539 3960 686 4027; x_wconf 85' lang='lat' dir='ltr'><strong>velamen</strong></span> <span class='ocrx_word' id='word_1_143' title='bbox 708 3962 812 4027; x_wconf 86' lang='lat' dir='ltr'><strong>cordis</strong></span> <span class='ocrx_word' id='word_1_144' title='bbox 833 3962 908 4041; x_wconf 91' lang='lat' dir='ltr'><strong>mei,</strong></span> <span class='ocrx_word' id='word_1_145' title='bbox 924 3961 1002 4025; x_wconf 89' lang='lat' dir='ltr'><strong>dum</strong></span> <span class='ocrx_word' id='word_1_146' title='bbox 1024 3959 1097 4042; x_wconf 85' lang='lat' dir='ltr'><strong>lego</strong></span> <span class='ocrx_word' id='word_1_147' title='bbox 1113 3958 1303 4043; x_wconf 85' lang='lat' dir='ltr'><strong>Scripturas</strong></span> 
     </span>
     <span class='ocr_line' id='line_1_28' title="bbox 338 4085 627 4173; baseline 0.01 -25"><span class='ocrx_word' id='word_1_148' title='bbox 338 4085 627 4173; x_wconf 48' lang='lat' dir='ltr'><strong>&amp;Qffim</strong></span> 
     </span>
    </p>
   </div>
   <div class='ocr_carea' id='block_1_8' title="bbox 250 4213 1442 4430">
    <p class='ocr_par' dir='ltr' id='par_1_16' title="bbox 250 4213 1442 4430">
     <span class='ocr_line' id='line_1_29' title="bbox 250 4213 1442 4305; baseline 0.001 -26"><span class='ocrx_word' id='word_1_149' title='bbox 250 4213 446 4280; x_wconf 85' lang='lat' dir='ltr'><strong>Benedictus</strong></span> <span class='ocrx_word' id='word_1_150' title='bbox 479 4236 525 4293; x_wconf 82' lang='lat' dir='ltr'><strong>es,</strong></span> <span class='ocrx_word' id='word_1_151' title='bbox 549 4217 709 4297; x_wconf 87' lang='lat' dir='ltr'><strong>Domine;</strong></span> <span class='ocrx_word' id='word_1_152' title='bbox 742 4217 820 4284; x_wconf 85' lang='lat' dir='ltr'><strong>doce</strong></span> <span class='ocrx_word' id='word_1_153' title='bbox 850 4239 904 4284; x_wconf 88' lang='lat' dir='ltr'><strong>me</strong></span> <span class='ocrx_word' id='word_1_154' title='bbox 933 4214 1179 4305; x_wconf 79' lang='lat' dir='ltr'><strong>justificationes</strong></span> <span class='ocrx_word' id='word_1_155' title='bbox 1210 4215 1308 4281; x_wconf 76' lang='lat' dir='ltr'><strong>Tuas.</strong></span> <span class='ocrx_word' id='word_1_156' title='bbox 1438 4298 1442 4303; x_wconf 87' lang='lat'><strong>.</strong></span> 
     </span>
     <span class='ocr_line' id='line_1_30' title="bbox 340 4341 640 4430; baseline 0.023 -25"><span class='ocrx_word' id='word_1_157' title='bbox 340 4341 444 4427; x_wconf 80' lang='lat' dir='ltr'><strong>[Psal.</strong></span> <span class='ocrx_word' id='word_1_158' title='bbox 469 4343 551 4412; x_wconf 79' lang='lat' dir='ltr'><strong>cxix.</strong></span> <span class='ocrx_word' id='word_1_159' title='bbox 576 4345 640 4430; x_wconf 71' lang='lat' dir='ltr'><strong>lc]</strong></span> 
     </span>
    </p>
   </div>
   <div class='ocr_carea' id='block_1_9' title="bbox 0 0 1468 5002">
    <p class='ocr_par' dir='ltr' id='par_1_17' title="bbox 0 0 1468 5002">
     <span class='ocr_line' id='line_1_31' title="bbox 0 0 1468 5002; baseline 0 0"><span class='ocrx_word' id='word_1_160' title='bbox 0 0 1468 5002; x_wconf 95' lang='lat' dir='ltr'><strong> </strong></span> 
     </span>
    </p>
   </div>
  </div>
 </body>
</html>
