2910 5002
406 458 574 524 pauens
599 435 914 522 uuourum‘um.
1147 455 1187 518 τι

374 940 527 1017 DIEI
580 937 953 1016 SECUNDAE.

138 1191 372 1256 EXAUDIES
395 1210 506 1254 vocem
529 1210 633 1253 meam
656 1210 761 1267 mane,
786 1188 936 1265 Domine,

122 1378 126 1386 .
226 1320 326 1383 Mane
350 1318 462 1383 astabo
484 1316 555 1396 tibi,
580 1326 612 1380 et
634 1317 759 1380 videbis
781 1337 843 1379 me.
889 1315 977 1377 Paul.
1002 1335 1030 1375 v.
1054 1314 1086 1375 3.

401 1531 597 1595 Benedictus
619 1551 652 1593 es
674 1529 825 1605 Domine,

142 1659 207 1725 Qui
229 1659 344 1722 creasti
367 1657 622 1721 Firmamentum
645 1654 737 1731 Coeli,
787 1653 881 1738 [Gen.
905 1654 924 1716 i.
949 1653 995 1735 6.]

228 1785 343 1864 Coelos,
368 1793 400 1848 et
424 1784 530 1850 Ooelos
552 1783 726 1860 Coelorum,

272 1914 454 1976 Potestates
477 1911 633 1987 eoelestes,

314 2038 466 2121 Angelos,
489 2035 719 2118 Archangelos,

360 2163 546 2242 Cherubim,
573 2163 750 2246 Seraphim,

147 2297 176 2355 l.
237 2294 347 2374 Aquas
371 2312 467 2374 supra
489 2291 607 2367 Coelos,
655 2289 758 2372 [Vera.
782 2289 828 2372 7.]

273 2418 427 2502 Vapores,

273 2544 513 2621 Exhalationes,
538 2544 636 2607 Unde

146 2668 282 2747 Imbres,
572 2656 1344 2755 Crystallussicutbueeella,[Ps.exlvii.16,17.]

147 2797 221 2873 Rus,
572 2797 711 2862 Nebulae
732 2797 773 2861 ab
795 2796 1054 2861 extremitatibus
1076 2803 1180 2868 terre,

148 2921 290 2998 Grande,
574 2925 726 3007 Fulgura,
749 2924 916 3001 Tonitrua,

146 3057 214 3122 Nix
236 3057 319 3121 sicut
340 3056 425 3135 lana,
571 3060 673 3123 Venti
687 3081 727 3124 ex
742 3060 910 3139 thesauris,
939 3059 1010 3144 [Pa.
1026 3078 1135 3122 cxxxv.
1152 3053 1197 3136 7.]

147 3186 268 3249 Pruina
288 3185 370 3249 sieut
392 3185 482 3263 cinis,
581 3188 742 3252 Proeellae.

147 3318 177 3378 2.
238 3315 349 3395 Aquas
371 3310 457 3374 infra
479 3313 595 3391 Coelos,

300 3503 353 3566 Ad
371 3439 591 3630 {potionem

418 3565 585 3630 lotionem.

149 3821 337 3886 confitebor
357 3821 543 3905 iniquitates
564 3842 661 3898 meas,

72 4012 77 4019 ,
193 3955 226 4009 et
247 3946 434 4030 iniquitates
457 3949 616 4031 majorum
638 3968 793 4025 meorum,

152 4072 238 4138 Quia
259 4073 481 4155 prevaricatus
504 4096 585 4153 sum,
609 4082 642 4139 et
663 4075 789 4159 neglexi
811 4081 855 4154 te,
879 4073 1028 4151 Domine,

193 4207 226 4262 et
251 4200 412 4264 ambulavi
434 4223 473 4265 ex
495 4203 627 4267 adverso
648 4204 718 4268 tibi.
763 4204 837 4267 Lea.
860 4203 943 4266 xxvi.
966 4204 1019 4264 40.

150 4327 213 4404 Ne,
236 4327 387 4398 Domine.
402 4349 444 4393 ne
459 4350 559 4412 ponas
574 4331 761 4414 iniquitates
776 4352 864 4395 meas
879 4333 915 4394 in
930 4334 1103 4410 conspeetu
1124 4331 1199 4386 tuo:
