2910 5002
412 440 581 507 PRECES
606 438 923 509 QUOTIDIANAE.
1134 447 1195 509 125

225 621 259 678 et
280 610 506 677 mandantium
527 613 622 678 nobis
644 613 799 698 indignis,

269 749 307 803 ut
328 740 517 804 memoriam
539 740 669 805 illorum
691 741 726 805 in
748 741 947 808 orationibus

356 868 475 932 nostris
497 868 698 933 haberemus.

141 1064 185 1128 Et
207 1062 313 1128 omnis
334 1062 446 1147 populi
467 1063 517 1125 tui
539 1069 714 1142 memento,
737 1060 887 1146 Domine,
911 1065 1002 1132 Deus
1023 1076 1143 1150 noster,

185 1197 219 1254 et
240 1212 336 1274 super
358 1208 470 1254 omnes
492 1188 623 1254 effunde
645 1189 779 1255 divitem
799 1199 892 1257 tuum
913 1195 1177 1278 misericordiam,

229 1320 379 1384 omnibus
400 1317 544 1403 prebens
567 1317 770 1382 adsalutem
795 1321 960 1404 requisito.

271 1505 316 1569 Et
338 1525 476 1589 quorum
497 1524 557 1568 nos
578 1524 646 1567 non
668 1502 887 1584 meminimus,

144 1655 201 1717 per
214 1631 441 1717 ignorantiam,
461 1637 518 1695 aut
533 1628 736 1710 oblivionem,
751 1636 809 1696 unt
822 1633 991 1700 nominum
1006 1639 1260 1727 multitudinem,

231 1763 308 1846 Ipse
328 1765 491 1824 memento
513 1759 613 1837 Deus,
636 1757 691 1840 qui
712 1758 798 1823 nosti

147 1891 410 1974 Uniusoujusque
432 1893 562 1952 aetutem
584 1894 617 1950 et
641 1887 900 1971 appellationem,

190 2016 245 2101 qui
266 2014 352 2080 nosti
372 2028 636 2096 unumquemque
656 2032 695 2076 er
717 2020 812 2080 utero
833 2016 946 2081 matris
969 2019 1048 2103 ejus.

147 2271 197 2336 'Pu
219 2270 305 2335 enim
327 2289 372 2345 es,
395 2267 546 2346 Domino,
569 2266 744 2352 opitulator
764 2269 908 2353 inopum,

276 2406 310 2462 et
332 2416 405 2481 spes
428 2395 678 2479 desperantium,

278 2515 521 2581 Fluetnantium
532 2501 696 2593 servator,

277 2644 510 2728 Navigantium
532 2649 652 2726 portus,

206 2801 209 2807 ·
278 2770 521 2856 AEgrotantium
543 2770 697 2850 medicus,

237 2903 313 2986 Ipse
334 2899 484 2965 omnibus
506 2898 616 2963 omniu
637 2900 705 2963 fias.

386 3088 552 3153 hominem
573 3095 607 3152 et
628 3087 822 3154 desiderium
845 3091 926 3175 ejus,

154 3156 219 3225 Qui
239 3106 377 3284 nosti{

388 3217 520 3283 domum
542 3224 576 3280 et
597 3217 819 3281 necessitatem
843 3219 924 3302 ejus,

154 3351 281 3427 Libera,
304 3348 454 3427 Domine,
476 3347 574 3410 istam
596 3346 768 3423 civitatem,
791 3354 824 3410 et

126 3554 129 3558 ⁴
197 3500 326 3545 omnem
348 3476 512 3560 regionem
535 3477 571 3539 in
593 3497 657 3558 qua
676 3474 904 3551 inhabitamus,

242 3629 262 3670 a
282 3613 381 3690 peste,
403 3604 498 3683 fame,
520 3610 615 3668 terroe
636 3610 737 3680 motu,
760 3602 890 3680 diluvio,

241 3735 327 3817 igne,
350 3731 465 3816 gladio,
488 3731 653 3795 invasione
673 3729 794 3808 hostili,

333 3867 366 3923 et
387 3858 472 3922 civili
493 3856 588 3920 bello.

158 4058 333 4138 Compesce
356 4053 527 4115 schismate
548 4047 774 4125 Ecclesiamm,

200 4183 380 4265 Exstingue
402 4179 550 4244 fremitus
575 4176 742 4255 Gentium,

159 4314 203 4375 Et
225 4334 284 4376 nos
306 4331 417 4374 omnes
439 4309 544 4390 recipe
566 4308 601 4369 in
626 4307 775 4386 Regnum
798 4312 902 4382 tuum,
