2910 5002
477 451 645 516 PRECES
670 450 986 515 QUOTIDIANAE.
1216 452 1256 513 75

330 621 531 684 obdormiam
552 621 585 682 in
612 629 735 684 morte:
786 622 872 684 Vera.
895 625 927 685 3.

198 751 229 809 4.
252 748 435 830 Nequando
457 748 541 811 dicat
563 748 713 811 inimicus
735 769 837 825 meus,

298 875 453 938 Praevalui
476 875 626 938 adversus
649 896 733 938 eum.
784 876 870 938 Vera.
893 879 926 938 4.
1223 952 1226 959 ἱ

256 1000 320 1065 Qui
342 1000 499 1063 tribulant
521 1021 583 1078 me,
607 1000 824 1078 exsultabunt,
848 1001 874 1063 si
896 1008 1004 1110 move
1025 1001 1125 1066 fuero.

201 1129 232 1189 5.
256 1128 326 1209 Ego
349 1135 457 1190 autem
479 1128 513 1190 in
535 1127 753 1192 misericordia
767 1136 825 1192 tua
846 1130 981 1212 speravi.
1032 1131 1118 1194 Vere.
1143 1134 1173 1192 5.

567 1383 758 1447 Extermina
779 1383 819 1446 de
841 1403 893 1446 me

203 1574 219 1634 1
252 1510 404 1702 {Omne
425 1509 569 1593 impium,
594 1517 627 1573 et
649 1510 829 1592 profanum,

298 1639 403 1700 Omne
426 1634 692 1719 superstitiosum,
716 1642 749 1698 et
770 1635 965 1719 hypocrisin,

202 1766 232 1826 2.
257 1764 489 1842 Idololatriam,
512 1771 545 1826 et
568 1763 771 1840 idiolatriam,

199 1893 229 1954 3.
254 1892 274 1952 J
278 1890 487 1972 usjurandum
509 1889 725 1966 temerarium,
749 1897 782 1951 et
805 1891 1070 1969 exsecrationem,

303 2017 560 2080 Subtractionem
584 2039 603 2077 a
733 1989 766 2138 l'
877 1993 886 2010 ’

201 2110 232 2166 4'
252 2039 521 2209 llndecentiam
544 2145 579 2207 in
635 2036 731 2209 μυ
746 2085 791 2153 tu'

202 2276 231 2335 5.
258 2275 401 2350 Festum,
425 2280 457 2336 et
479 2273 647 2363 incuriam,

202 2401 233 2462 6.
259 2401 518 2478 contentionem,
542 2408 575 2463 et
597 2401 688 2477 iram,

201 2529 231 2590 7.
258 2527 451 2598 Passionem,
476 2533 509 2590 et
531 2526 777 2609 corruptionem,

202 2656 231 2716 8.
257 2655 379 2732 Otium,
402 2663 434 2716 et
457 2653 567 2716 dolum
589 2653 720 2732 malum,

203 2787 232 2847 9.
257 2781 475 2858 Mendacium,
498 2788 531 2842 et
554 2780 792 2858 contumeliam,

350 2910 489 2970 Omnem
511 2907 737 2990 cogitationem
760 2928 899 2988 pravam,

214 3101 264 3162 10.
351 3037 489 3099 Omnem
513 3034 777 3117 imaginationem
800 3034 970 3115 impuram,

352 3166 492 3227 Omnem
515 3161 806 3244 concupiscentiam
829 3169 966 3245 turpem,

352 3291 490 3353 Omnem
514 3287 741 3370 cogitationem
765 3287 959 3353 indecoram.

611 3543 743 3625 Largire
766 3542 846 3606 mihi

204 3675 373 3750 Pietatem,
397 3679 429 3735 et
452 3671 665 3748 devotionem,

203 3802 443 3878 Adorationem,
467 3807 500 3862 et
522 3800 657 3876 cnltum,

205 3928 477 4005 Benedictionem,
500 3934 533 3989 et
550 3925 727 4009 juramenti
749 3923 947 4005 religionem,
998 3947 1001 3950 ’

204 4053 437 4117 Professionem
459 4052 627 4116 decentem
649 4051 683 4113 in
706 4057 793 4114 coetu
814 4048 954 4132 publico,

204 4180 396 4243 Naturalem
420 4179 583 4256 affectum,
607 4184 640 4241 et
662 4176 863 4258 obsequium,
904 4157 910 4168 ¹

205 4307 409 4383 Patientiam,
433 4313 466 4368 et
489 4304 730 4381 amabilitatem,
