2910 5002
454 462 624 527 Paucas
648 408 965 529 anonumum.
1020 535 1022 538 ,
1177 457 1238 520 241

269 635 302 691 et
324 628 473 692 salutaris
497 631 698 695 Sacramenti

312 755 507 820 sanctissimi
528 757 578 821 tui
600 758 749 841 eorporis,

355 891 388 948 et
410 885 543 967 pretiosi
565 886 740 970 sanguinis.

184 1009 335 1089 Attende,
358 1011 509 1091 Domine,
532 1013 625 1080 Deus,
643 1020 762 1091 noster,

356 1136 396 1200 de
418 1145 530 1203 sancto
550 1139 733 1204 habitaculo
755 1139 836 1217 Tuo,

270 1263 365 1327 etde
387 1264 519 1330 Throno
541 1266 652 1349 gloriae
675 1266 779 1349 Regni
802 1265 873 1344 '1¹ui,

356 1397 389 1454 et
411 1393 486 1456 veni
507 1399 545 1456 ut
567 1393 743 1457 sanctifices
764 1414 834 1456 nos.

184 1514 250 1580 Qui
272 1536 400 1579 sursum
423 1539 498 1581 oum
521 1520 618 1583 Patre
640 1519 739 1599 sedes,

224 1647 258 1704 et
279 1641 447 1707 invisibilis
470 1645 523 1708 hio
544 1666 683 1728 praesens
705 1645 871 1709 nobiscum
897 1666 941 1723 es,

181 1764 266 1828 Veni
287 1772 325 1829 ut
347 1767 526 1833 sanctifices
547 1766 632 1834 dona
653 1770 824 1854 proposita,

228 1900 262 1956 et
284 1915 342 1977 pro
366 1895 492 1978 quibus,
516 1903 549 1961 et
571 1896 739 1980 aquibus,
763 1906 796 1961 et
818 1896 997 1980 quibusda
1019 1894 1121 1960 causis

311 2020 499 2088 offeruntur.

181 2147 225 2210 Et
247 2146 289 2211 da
310 2149 403 2214 nobis
425 2153 686 2218 communionem

286 2275 400 2341 Fidem
420 2278 633 2360 inconfusam,
681 2281 782 2367 [Rom.
805 2281 849 2345 ix.
872 2280 940 2366 SS]

285 2404 486 2469 charitatem
510 2406 677 2487 sinceram,
723 2407 825 2492 [Rom.
848 2407 902 2470 xii.
926 2405 973 2490 9.]

285 2533 525 2616 Praeoeptornm
546 2533 777 2618 impletionem,
825 2534 927 2619 [Rom.
950 2533 1016 2598 xiii.
1042 2531 1108 2617 10.]

284 2658 522 2724 Excitationem
534 2660 678 2725 omnium
690 2660 829 2744 Spiritus
839 2660 1013 2740 fructuum,
1032 2657 1237 2745 [Getam

283 2787 494 2852 Aversionem
516 2789 622 2854 omnis
644 2788 731 2868 mali,
781 2789 893 2874 [Romo
907 2788 961 2852 xii.
984 2788 1032 2872 9.]

286 2917 433 2981 Salutem
455 2917 572 2982 animae
595 2925 628 2982 et
650 2917 802 3002 corporis,
853 2917 886 3002 [1
914 2917 1020 2981 stass.
1042 2937 1072 2980 v.
1096 2914 1164 2998 211]
1196 2931 1200 2942 ·

284 3045 451 3109 Tesseram
473 3043 657 3125 conventus,
703 3046 778 3111 Act.
800 3045 835 3111 ii.
858 3046 912 3110 42.

286 3170 539 3235 Monumentum
561 3171 817 3256 dispensationis,
863 3173 941 3236 Iaso.
964 3170 1037 3235 xxii.
1062 3170 1114 3237 19.

286 3298 581 3363 Annunoiationem
602 3299 727 3378 mortis,
758 3304 791 3386 ⁴l
818 3300 888 3384 Cor.
912 3299 954 3364 xi.
977 3300 1031 3389 262

286 3427 556 3493 communionem
568 3428 717 3514 Corporis
729 3435 762 3493 et
774 3428 956 3513 Sanguinis,
990 3427 1021 3512 [1
1039 3427 1109 3491 Cor.
1122 3448 1152 3490 x.
1171 3424 1236 3510 la]

284 3553 565 3637 Partieipationem
589 3555 739 3639 Spiritus,
785 3558 803 3620 1
829 3555 909 3618 Gor.¹
922 3553 977 3617 xii.
1002 3552 1054 3617 la.

285 3680 518 3746 Remissionem
538 3689 753 3766 peccatorum,
797 3682 895 3744 Mart.
920 3679 1003 3744 xxvi.
1026 3681 1080 3744 28.

283 3809 474 3874 Amuletum
483 3817 596 3875 eontra
604 3829 700 3874 omne
709 3808 794 3892 quod
803 3807 1044 3884 infaustumest,
1064 3805 1236 3871 lGor.v.7.

284 3938 567 4023 'lianquillitatem
589 3938 804 4016 conscientia,
849 3938 948 4001 Mott.
971 3934 1013 4000 xi.
1037 3937 1089 4000 28„

284 4065 486 4130 Deletiouem
511 4065 702 4144 debitorum,
749 4064 813 4129 Col.
837 4062 870 4127 ii.
896 4061 947 4127 14.

283 4193 557 4260 Emuudationem
579 4194 790 4273 maculam,
836 4192 914 4256 Heb.
936 4191 979 4256 ix.
1006 4192 1055 4255 14.

287 4325 498 4390 Sanationem
520 4323 745 4389 infirmitatum
768 4322 894 4402 anima,
941 4320 957 4384 1
983 4321 1053 4384 Pet.
1077 4319 1185 4383 1124.
1222 4407 1227 4415 .

218 4483 278 4521 un.
293 4482 393 4522 samus.
750 4483 762 4530 1
783 4483 796 4530 1
842 4549 843 4553 ἵ
