2910 5002
400 455 568 520 Paucas
594 454 912 521 QUOTIDIANAE.
944 523 947 527 ,
1133 456 1196 514 285

312 625 356 687 Et
378 624 516 687 concede
538 625 635 687 tinem
658 623 790 701 bonum,

314 752 410 819 Quod
432 761 480 816 est
503 774 596 836 super
618 773 715 816 omne
738 753 871 830 donum,

143 884 267 945 Bonum
292 890 325 945 et
347 891 495 946 sanetum
517 882 591 945 vitae
613 882 721 961 finem,

229 1008 409 1073 Gloriosam
432 1018 465 1073 et
486 1010 592 1072 laetam
614 1008 892 1073 resurrectionem.

144 1259 193 1321 De
216 1258 361 1341 frugibus
383 1266 478 1323 terrae
499 1266 532 1323 et
554 1259 754 1343 plenitudine
776 1261 857 1343 ejus,

231 1387 373 1450 Benedic
395 1394 560 1470 capturam
582 1395 736 1466 nostram,
780 1386 965 1453 Paexxxii.
980 1390 1031 1450 15.

232 1514 321 1577 Pone
343 1515 423 1577 fines
445 1535 567 1596 paoem,

231 1641 335 1724 Imple
357 1662 416 1704 nos
438 1641 529 1723 adipe
551 1641 716 1719 frumenti,
762 1644 815 1704 Pa.
831 1639 934 1704 cxlvii.
952 1644 1003 1704 la

233 1767 350 1834 Satura
371 1788 525 1851 pauperes
548 1767 693 1850 panibus,
738 1770 795 1832 Pa.
807 1767 921 1832 cxxxii.
939 1771 989 1831 15.

231 1895 386 1960 Conforta
407 1917 493 1960 seras
514 1903 690 1978 portarum,

231 2023 373 2087 Benedio
395 2023 469 2087 filiis
490 2023 608 2086 nostris
629 2023 665 2086 in
687 2023 790 2100 nobis,
835 2024 891 2088 Pa.
901 2020 1003 2086 cxlvii.
1017 2022 1069 2085 13.

232 2148 338 2213 Indue
360 2149 507 2214 inimicos
528 2148 728 2224 confusione,
772 2149 826 2212 Pa.
842 2148 956 2213 cxxxii.
974 2149 1028 2211 18.

233 2279 327 2342 Aeris
348 2277 537 2360 temperiem
559 2276 739 2360 indulgeas,

235 2406 356 2488 Fruges
378 2412 471 2468 terrae
493 2402 658 2480 concedas,

236 2529 385 2595 Camalia
406 2528 564 2592 desideria
585 2528 731 2612 repellas,

235 2659 379 2723 Infirmis
401 2659 573 2723 sanitatem
595 2656 756 2735 restituas,

236 2787 353 2870 Lapsis
374 2786 609 2871 reparationem
632 2805 766 2862 annuas,

237 2914 472 2999 Navigantibus
494 2923 527 2978 et
548 2911 785 2991 itinerantibus,

278 3045 341 3108 iter
362 3064 549 3128 prosperum
570 3048 604 3106 et
626 3039 740 3104 salutis
760 3045 901 3123 portum,

236 3171 411 3237 'Iiibulatis
432 3169 597 3253 gaudium,
622 3225 626 3232 .
740 3182 743 3189 '

238 3299 408 3382 Oppressis
428 3295 669 3373 relevationem,

238 3423 382 3509 Captivis
403 3423 587 3487 libertatem
609 3419 775 3497 oonoedas,

240 3553 419 3620 Sanitatem
441 3549 570 3627 mentis,

238 3679 467 3761 Integritatem
488 3674 638 3757 corporis,

240 3806 353 3871 Robur
374 3803 459 3880 fidei,

242 3934 457 4001 Securitatem
479 3929 556 4013 spei,
583 3982 588 3989 .

239 4062 387 4127 Tutelam
409 4059 530 4125 salutis.
