2910 5002
471 445 645 511 Peneus
673 416 1010 507 QUOTIDIANAE·
1232 415 1295 488 421

185 620 291 684 Psoi.
306 615 429 683 lxxviii.
446 615 476 678 8.
524 609 796 678 Ρτωνοιιὶθιιιεω,

312 743 400 809 xxiii.
424 742 457 805 6.
525 739 800 821 Subsequentem

310 872 407 939 xxxii.
427 869 478 934 16.
524 861 801 933 Circumdentem,

554 995 604 1057 Ex
627 986 719 1054 omni
739 987 841 1067 parte·

225 1181 255 1244 7.
281 1174 447 1258 Quicquid
477 1193 551 1237 vero
579 1166 695 1253 0chae
732 1158 923 1246 (praestante
946 1134 1045 1208 ¹¹⁰¹)ss
1067 1133 1171 1215 &¹25³
1207 1145 1277 1238 illa)

335 1324 396 1367 nos
417 1299 587 1385 egerimus,
610 1295 798 1360 remuneret
820 1275 966 1350 abunde·

204 1434 294 1496 Ptol.
317 1431 381 1496 ciii.
404 1435 435 1494 4.
504 1414 650 1493 ‘coronat
670 1442 731 1487 nos
760 1418 797 1482 iu
826 1393 1054 1477 miseri⁰0¹di⁸
1081 1398 1115 1456 et
1143 1400 1277 1478 misera-

551 1550 704 1616 tionibus.

317 1681 384 1745 lxii.
410 1684 462 1745 10.
508 1678 695 1743 Misericors
710 1681 771 1748 est,
788 1687 867 1733 nam
883 1667 918 1727 et
934 1651 1112 1722 secundum
1127 1663 1161 1720 et
1177 1682 1277 1754 supra

455 1797 468 1817 '
554 1803 637 1867 bone
659 1820 757 1885 opere
779 1784 936 1859 retribuit
955 1778 1058 1844 nobis.

207 1935 320 2020 [Matr.
339 1955 372 1997 x.
389 1930 460 2015 42]
509 1930 581 1994 Nec
612 1928 745 1994 calicem
777 1938 871 2006 cquae
894 1909 1020 1994 frigidae
1041 1906 1164 1992 patitur
1185 1920 1273 1993 inre.

555 2063 770 2120 muneratum.

228 2232 259 2293 8.
283 2229 356 2293 Nec
377 2249 452 2295 vero
474 2233 591 2289 nnture
613 2223 795 2287 misericors
819 2211 926 2288 mode,
951 2208 1009 2274 sed
1031 2214 1064 2271 et
1085 2217 1188 2291 praxi,

207 2360 295 2422 Psol.
320 2378 390 2421 xxv.
413 2358 446 2420 6.
512 2351 660 2418 Misereri
690 2347 815 2422 didicit,
847 2341 981 2424 ejusque
1011 2337 1123 2420 praxin
1154 2344 1269 2419 hebuit

554 2502 574 2543 a
595 2479 719 2542 saeculo.

426 2608 456 2671 1.
514 2607 615 2671 Recte
637 2625 714 2688 ergo
737 2597 936 2687 appellamus
958 2614 1042 2657 eum.

321 2736 398 2802 xxii.
420 2738 452 2800 4.
509 2735 622 2798 Patres
656 2732 759 2797 nostri
788 2733 997 2813 speraverunt
1018 2723 1054 2787 in
1076 2725 1131 2807 Te,
1156 2738 1270 2804 confisi

424 2862 555 2927 suntin
577 2861 796 2927 misericordis
817 2858 896 2937 uua,
920 2877 980 2921 nec
1001 2863 1077 2921 sunt
1099 2863 1238 2933 confusi.

313 2991 469 3056 lxxviiii.
511 2992 566 3055 An
592 2991 662 3074 jem
687 2990 808 3056 oblitus
837 2994 886 3052 est
917 2986 1005 3051 Deus
1034 2986 1204 3060 misereri?
1234 3003 1269 3062 et

423 3118 602 3184 continebit
623 3117 709 3182 intra
732 3120 775 3183 Se
796 3115 1027 3183 misericordius
1048 3117 1159 3184 Tuus?

733 3247 806 3310 fons
828 3245 973 3326 siccatus,
1005 3247 1095 3332 [Hos.
1112 3248 1180 3316 xiii.
1199 3251 1266 3337 15.]

509 3376 587 3440 Non
609 3382 660 3439 est
735 3397 849 3441 monus
860 3374 1052 3458 abbreviata,
1071 3374 1128 3461 [Is.
1144 3377 1199 3445 lix
1217 3377 1263 3464 1.]

735 3505 820 3570 auris
842 3514 1024 3590 aggravato.
1075 3506 1188 3594 [ltin]

309 3630 426 3695 lxxxix.
437 3635 489 3696 48.
514 3633 581 3698 Ubi
603 3640 680 3697 sunt
702 3632 927 3698 misericordie
951 3634 1029 3699 Ture
1051 3632 1218 3716 antique?

459 3765 487 3823 l.
512 3759 751 3824 Misericordiae
773 3761 835 3823 Dei
857 3761 893 3823 in
914 3768 1073 3826 ueternum
1095 3763 1241 3826 cantabo.

455 3888 485 3948 d
511 3886 596 3965 Dixi,
613 3885 655 3948 In
674 3892 831 3948 aeteruum
849 3885 1031 3950 stabilietur
1047 3885 1266 3951 misericordie

555 4015 634 4078 Tus.

229 4187 262 4249 9.
284 4183 356 4247 Nec
377 4185 468 4266 praxi
490 4185 586 4249 modo
608 4182 787 4247 misericors
809 4191 867 4261 est,
890 4182 946 4247 sed
969 4192 1001 4248 et
1023 4185 1240 4269 promissione.

208 4315 295 4377 Psoi.
314 4312 393 4376 cxix.
413 4315 466 4380 49.
514 4315 568 4377 Sic
587 4312 691 4377 David
712 4313 837 4392 affatur,
855 4313 983 4378 Memor
1007 4322 1077 4378 esto
1097 4315 1184 4379 verbi
1203 4314 1265 4379 'Pui
