<?xml version="1.0" encoding="UTF-8"?>
<!DOCTYPE html PUBLIC "-//W3C//DTD XHTML 1.0 Transitional//EN"
    "http://www.w3.org/TR/xhtml1/DTD/xhtml1-transitional.dtd">
<html xmlns="http://www.w3.org/1999/xhtml" xml:lang="en" lang="en">
 <head>
  <title>
</title>
<meta http-equiv="Content-Type" content="text/html;charset=utf-8" />
  <meta name='ocr-system' content='tesseract 3.04.00' />
  <meta name='ocr-capabilities' content='ocr_page ocr_carea ocr_par ocr_line ocrx_word'/>
</head>
<body>
  <div class='ocr_page' id='page_1' title='image "./precesprivataeq00andrgoog_0407.png"; bbox 0 0 2910 5002; ppageno 0'>
   <div class='ocr_carea' id='block_1_1' title="bbox 246 422 1033 489">
    <p class='ocr_par' dir='ltr' id='par_1_1' title="bbox 246 422 1033 489">
     <span class='ocr_line' id='line_1_1' title="bbox 246 422 1033 489; baseline 0.005 -5"><span class='ocrx_word' id='word_1_1' title='bbox 246 423 312 485; x_wconf 87' lang='grc'>380</span> <span class='ocrx_word' id='word_1_2' title='bbox 517 422 688 486; x_wconf 83' lang='lat' dir='ltr'>PRECES</span> <span class='ocrx_word' id='word_1_3' title='bbox 713 422 1033 489; x_wconf 79' lang='lat' dir='ltr'>QUOTIDIANAE.</span> 
     </span>
    </p>
   </div>
   <div class='ocr_carea' id='block_1_2' title="bbox 775 595 960 670">
    <p class='ocr_par' dir='ltr' id='par_1_2' title="bbox 775 595 960 670">
     <span class='ocr_line' id='line_1_2' title="bbox 775 595 960 670; baseline -0.005 -9"><span class='ocrx_word' id='word_1_4' title='bbox 775 595 960 670; x_wconf 81' lang='lat' dir='ltr'>Occasione,</span> 
     </span>
    </p>
   </div>
   <div class='ocr_carea' id='block_1_3' title="bbox 251 722 1118 1195">
    <p class='ocr_par' dir='ltr' id='par_1_3' title="bbox 251 722 1118 1195">
     <span class='ocr_line' id='line_1_3' title="bbox 379 722 915 807; baseline 0 -20"><span class='ocrx_word' id='word_1_5' title='bbox 379 724 410 787; x_wconf 89' lang='lat' dir='ltr'>A</span> <span class='ocrx_word' id='word_1_6' title='bbox 431 730 563 807; x_wconf 84' lang='lat' dir='ltr'>peceato</span> <span class='ocrx_word' id='word_1_7' title='bbox 585 723 720 806; x_wconf 81' lang='lat' dir='ltr'>ejusque</span> <span class='ocrx_word' id='word_1_8' title='bbox 779 722 915 804; x_wconf 81' lang='lat' dir='ltr'>Fomite,</span> 
     </span>
     <span class='ocr_line' id='line_1_4' title="bbox 778 852 935 917; baseline -0.006 0"><span class='ocrx_word' id='word_1_9' title='bbox 778 852 935 917; x_wconf 86' lang='lat' dir='ltr'>Periculo.</span> 
     </span>
     <span class='ocr_line' id='line_1_5' title="bbox 251 981 1118 1066; baseline 0.002 -21"><span class='ocrx_word' id='word_1_10' title='bbox 251 982 342 1046; x_wconf 88' lang='lat' dir='ltr'><strong>Sicut</strong></span> <span class='ocrx_word' id='word_1_11' title='bbox 365 981 451 1046; x_wconf 87' lang='lat' dir='ltr'>onim</span> <span class='ocrx_word' id='word_1_12' title='bbox 473 981 667 1064; x_wconf 90' lang='lat' dir='ltr'>poenitentia</span> <span class='ocrx_word' id='word_1_13' title='bbox 687 981 825 1046; x_wconf 78' lang='lat' dir='ltr'><strong>destruit</strong></span> <span class='ocrx_word' id='word_1_14' title='bbox 847 989 957 1046; x_wconf 85' lang='lat' dir='ltr'>vetera</span> <span class='ocrx_word' id='word_1_15' title='bbox 976 990 1118 1066; x_wconf 78' lang='lat' dir='ltr'>peecata,</span> 
     </span>
     <span class='ocr_line' id='line_1_6' title="bbox 382 1108 950 1195; baseline 0.002 -22"><span class='ocrx_word' id='word_1_16' title='bbox 382 1108 436 1174; x_wconf 85' lang='lat' dir='ltr'>Sic</span> <span class='ocrx_word' id='word_1_17' title='bbox 457 1131 541 1174; x_wconf 84' lang='lat' dir='ltr'>nova</span> <span class='ocrx_word' id='word_1_18' title='bbox 561 1118 692 1195; x_wconf 85' lang='lat' dir='ltr'>peecata</span> <span class='ocrx_word' id='word_1_19' title='bbox 712 1109 950 1195; x_wconf 75' lang='lat' dir='ltr'>poenitentiam.</span> 
     </span>
    </p>
   </div>
   <div class='ocr_carea' id='block_1_4' title="bbox 587 1354 974 1436">
    <p class='ocr_par' dir='ltr' id='par_1_4' title="bbox 587 1354 974 1436">
     <span class='ocr_line' id='line_1_7' title="bbox 587 1354 974 1436; baseline 0.008 -19"><span class='ocrx_word' id='word_1_20' title='bbox 587 1354 697 1418; x_wconf 82' lang='lat' dir='ltr'><strong>Oratio</strong></span> <span class='ocrx_word' id='word_1_21' title='bbox 721 1355 974 1436; x_wconf 76' lang='lat' dir='ltr'>Properatorio.</span> 
     </span>
    </p>
   </div>
   <div class='ocr_carea' id='block_1_5' title="bbox 252 1490 1272 2584">
    <p class='ocr_par' dir='ltr' id='par_1_5' title="bbox 252 1490 950 1704">
     <span class='ocr_line' id='line_1_8' title="bbox 252 1490 874 1574; baseline 0.002 -20"><span class='ocrx_word' id='word_1_22' title='bbox 252 1490 402 1570; x_wconf 88' lang='lat' dir='ltr'>Domine,</span> <span class='ocrx_word' id='word_1_23' title='bbox 424 1497 574 1574; x_wconf 85' lang='lat' dir='ltr'>paratum</span> <span class='ocrx_word' id='word_1_24' title='bbox 596 1498 647 1555; x_wconf 88' lang='lat' dir='ltr'>est</span> <span class='ocrx_word' id='word_1_25' title='bbox 667 1512 723 1557; x_wconf 88' lang='lat' dir='ltr'>oor</span> <span class='ocrx_word' id='word_1_26' title='bbox 744 1512 874 1556; x_wconf 86' lang='lat' dir='ltr'>meum:</span> 
     </span>
     <span class='ocr_line' id='line_1_9' title="bbox 430 1618 950 1704; baseline 0.006 -23"><span class='ocrx_word' id='word_1_27' title='bbox 430 1619 488 1704; x_wconf 87' lang='lat' dir='ltr'>(aio</span> <span class='ocrx_word' id='word_1_28' title='bbox 509 1618 643 1697; x_wconf 85' lang='lat' dir='ltr'>Psaltes,</span> <span class='ocrx_word' id='word_1_29' title='bbox 687 1620 775 1683; x_wconf 79' lang='lat' dir='ltr'>Paul.</span> <span class='ocrx_word' id='word_1_30' title='bbox 799 1619 881 1684; x_wconf 81' lang='lat' dir='ltr'>cviii.</span> <span class='ocrx_word' id='word_1_31' title='bbox 907 1621 950 1702; x_wconf 90' lang='lat'>1.)</span> 
     </span>
    </p>

    <p class='ocr_par' dir='ltr' id='par_1_6' title="bbox 253 1746 1003 1960">
     <span class='ocr_line' id='line_1_10' title="bbox 253 1746 1003 1826; baseline -0.001 -15"><span class='ocrx_word' id='word_1_32' title='bbox 253 1747 328 1826; x_wconf 86' lang='lat' dir='ltr'>Sed,</span> <span class='ocrx_word' id='word_1_33' title='bbox 352 1746 501 1826; x_wconf 86' lang='lat' dir='ltr'>Domine,</span> <span class='ocrx_word' id='word_1_34' title='bbox 523 1754 634 1810; x_wconf 92' lang='lat' dir='ltr'>metuo</span> <span class='ocrx_word' id='word_1_35' title='bbox 656 1767 698 1809; x_wconf 90' lang='lat' dir='ltr'>ne</span> <span class='ocrx_word' id='word_1_36' title='bbox 720 1767 830 1810; x_wconf 89' lang='lat' dir='ltr'>meum</span> <span class='ocrx_word' id='word_1_37' title='bbox 850 1768 918 1812; x_wconf 90' lang='lat' dir='ltr'>non</span> <span class='ocrx_word' id='word_1_38' title='bbox 940 1747 983 1811; x_wconf 88' lang='lat' dir='ltr'>sit</span> <span class='ocrx_word' id='word_1_39' title='bbox 993 1773 1003 1826; x_wconf 80' lang='lat'>3</span> 
     </span>
     <span class='ocr_line' id='line_1_11' title="bbox 339 1875 921 1960; baseline -0.002 -19"><span class='ocrx_word' id='word_1_40' title='bbox 339 1877 442 1960; x_wconf 86' lang='lat' dir='ltr'>Cupio</span> <span class='ocrx_word' id='word_1_41' title='bbox 464 1883 562 1956; x_wconf 82' lang='lat' dir='ltr'>certe,</span> <span class='ocrx_word' id='word_1_42' title='bbox 584 1884 618 1941; x_wconf 96' lang='lat' dir='ltr'>et</span> <span class='ocrx_word' id='word_1_43' title='bbox 640 1875 733 1941; x_wconf 84' lang='lat' dir='ltr'>doleo</span> <span class='ocrx_word' id='word_1_44' title='bbox 755 1876 783 1940; x_wconf 90' lang='lat' dir='ltr'>si</span> <span class='ocrx_word' id='word_1_45' title='bbox 804 1876 921 1941; x_wconf 89' lang='lat' dir='ltr'>minus.</span> 
     </span>
    </p>

    <p class='ocr_par' dir='ltr' id='par_1_7' title="bbox 253 2003 1168 2218">
     <span class='ocr_line' id='line_1_12' title="bbox 253 2003 1168 2089; baseline -0.001 -21"><span class='ocrx_word' id='word_1_46' title='bbox 253 2005 389 2069; x_wconf 87' lang='lat' dir='ltr'>Utinam</span> <span class='ocrx_word' id='word_1_47' title='bbox 411 2011 496 2068; x_wconf 85' lang='lat' dir='ltr'>esset</span> <span class='ocrx_word' id='word_1_48' title='bbox 517 2005 685 2088; x_wconf 80' lang='lat' dir='ltr'>paratuml</span> <span class='ocrx_word' id='word_1_49' title='bbox 715 2005 769 2070; x_wconf 91' lang='lat' dir='ltr'>hei</span> <span class='ocrx_word' id='word_1_50' title='bbox 791 2005 882 2083; x_wconf 89' lang='lat' dir='ltr'>mihi,</span> <span class='ocrx_word' id='word_1_51' title='bbox 905 2004 991 2089; x_wconf 89' lang='lat' dir='ltr'>quod</span> <span class='ocrx_word' id='word_1_52' title='bbox 1012 2025 1079 2069; x_wconf 91' lang='lat' dir='ltr'>non</span> <span class='ocrx_word' id='word_1_53' title='bbox 1101 2003 1168 2068; x_wconf 88' lang='lat' dir='ltr'>eatl</span> 
     </span>
     <span class='ocr_line' id='line_1_13' title="bbox 339 2134 963 2218; baseline 0 -20"><span class='ocrx_word' id='word_1_54' title='bbox 339 2134 489 2213; x_wconf 88' lang='lat' dir='ltr'>Domine,</span> <span class='ocrx_word' id='word_1_55' title='bbox 513 2134 648 2218; x_wconf 90' lang='lat' dir='ltr'>dispono</span> <span class='ocrx_word' id='word_1_56' title='bbox 669 2155 732 2213; x_wconf 92' lang='lat' dir='ltr'>me,</span> <span class='ocrx_word' id='word_1_57' title='bbox 756 2140 789 2198; x_wconf 92' lang='lat' dir='ltr'>et</span> <span class='ocrx_word' id='word_1_58' title='bbox 810 2155 963 2218; x_wconf 83' lang='lat' dir='ltr'>praeparo.</span> 
     </span>
    </p>

    <p class='ocr_par' dir='ltr' id='par_1_8' title="bbox 252 2259 1272 2475">
     <span class='ocr_line' id='line_1_14' title="bbox 252 2259 1272 2346; baseline -0.002 -21"><span class='ocrx_word' id='word_1_59' title='bbox 252 2263 380 2346; x_wconf 85' lang='lat' dir='ltr'>Adjuva</span> <span class='ocrx_word' id='word_1_60' title='bbox 401 2261 653 2346; x_wconf 80' lang='lat' dir='ltr'>dispositionem,</span> <span class='ocrx_word' id='word_1_61' title='bbox 675 2269 710 2325; x_wconf 90' lang='lat' dir='ltr'>et</span> <span class='ocrx_word' id='word_1_62' title='bbox 730 2261 996 2346; x_wconf 79' lang='lat' dir='ltr'>praeparationem</span> <span class='ocrx_word' id='word_1_63' title='bbox 1018 2281 1124 2325; x_wconf 88' lang='lat' dir='ltr'>meam</span> <span class='ocrx_word' id='word_1_64' title='bbox 1146 2259 1272 2344; x_wconf 82' lang='lat' dir='ltr'>supple.</span> 
     </span>
     <span class='ocr_line' id='line_1_15' title="bbox 339 2393 926 2475; baseline 0 -21"><span class='ocrx_word' id='word_1_65' title='bbox 339 2393 461 2454; x_wconf 81' lang='lat' dir='ltr'>Ponam</span> <span class='ocrx_word' id='word_1_66' title='bbox 484 2399 617 2475; x_wconf 85' lang='lat' dir='ltr'>peecata</span> <span class='ocrx_word' id='word_1_67' title='bbox 637 2411 711 2454; x_wconf 91' lang='lat' dir='ltr'>mea</span> <span class='ocrx_word' id='word_1_68' title='bbox 732 2411 840 2454; x_wconf 86' lang='lat' dir='ltr'>coram</span> <span class='ocrx_word' id='word_1_69' title='bbox 862 2412 926 2469; x_wconf 89' lang='lat' dir='ltr'>me,</span> 
     </span>
    </p>

    <p class='ocr_par' dir='ltr' id='par_1_9' title="bbox 261 2500 818 2584">
     <span class='ocr_line' id='line_1_16' title="bbox 261 2500 818 2584; baseline -0.002 0"><span class='ocrx_word' id='word_1_70' title='bbox 261 2500 272 2519; x_wconf 68' lang='grc'><strong><em>’</em></strong></span> <span class='ocrx_word' id='word_1_71' title='bbox 383 2520 432 2584; x_wconf 92' lang='lat' dir='ltr'>Ut</span> <span class='ocrx_word' id='word_1_72' title='bbox 453 2519 609 2583; x_wconf 83' lang='lat' dir='ltr'>nonsint</span> <span class='ocrx_word' id='word_1_73' title='bbox 631 2539 738 2583; x_wconf 83' lang='lat' dir='ltr'>eoram</span> <span class='ocrx_word' id='word_1_74' title='bbox 761 2520 818 2583; x_wconf 79' lang='lat' dir='ltr'>Te.</span> 
     </span>
    </p>
   </div>
   <div class='ocr_carea' id='block_1_6' title="bbox 254 2765 1314 4395">
    <p class='ocr_par' dir='ltr' id='par_1_10' title="bbox 404 2765 1150 2978">
     <span class='ocr_line' id='line_1_17' title="bbox 404 2765 1150 2832; baseline 0.001 -4"><span class='ocrx_word' id='word_1_75' title='bbox 404 2767 488 2830; x_wconf 83' lang='lat' dir='ltr'>Ante</span> <span class='ocrx_word' id='word_1_76' title='bbox 513 2767 695 2830; x_wconf 67' lang='lat' dir='ltr'>einaim</span> <span class='ocrx_word' id='word_1_77' title='bbox 720 2767 850 2832; x_wconf 74' lang='lat' dir='ltr'>cautela</span> <span class='ocrx_word' id='word_1_78' title='bbox 872 2786 941 2829; x_wconf 79' lang='lat' dir='ltr'>oum</span> <span class='ocrx_word' id='word_1_79' title='bbox 963 2765 1150 2829; x_wconf 81' lang='lat' dir='ltr'>Precatiooe</span> 
     </span>
     <span class='ocr_line' id='line_1_18' title="bbox 542 2893 1025 2978; baseline -0.002 -21"><span class='ocrx_word' id='word_1_80' title='bbox 542 2915 583 2957; x_wconf 75' lang='lat' dir='ltr'>eo</span> <span class='ocrx_word' id='word_1_81' title='bbox 603 2894 762 2978; x_wconf 72' lang='lat' dir='ltr'>Falpentii</span> <span class='ocrx_word' id='word_1_82' title='bbox 784 2895 805 2958; x_wconf 83' lang='grc' dir='ltr'>Ι.</span> <span class='ocrx_word' id='word_1_83' title='bbox 828 2893 851 2958; x_wconf 91' lang='lat' dir='ltr'>i.</span> <span class='ocrx_word' id='word_1_84' title='bbox 873 2894 918 2956; x_wconf 84' lang='lat' dir='ltr'>ad</span> <span class='ocrx_word' id='word_1_85' title='bbox 938 2893 1025 2956; x_wconf 72' lang='lat' dir='ltr'>Mon</span> 
     </span>
    </p>

    <p class='ocr_par' dir='ltr' id='par_1_11' title="bbox 254 3025 1313 4010">
     <span class='ocr_line' id='line_1_19' title="bbox 254 3025 1313 3110; baseline -0.003 -17"><span class='ocrx_word' id='word_1_86' title='bbox 254 3029 448 3093; x_wconf 79' lang='lat' dir='ltr'>Pruedioator</span> <span class='ocrx_word' id='word_1_87' title='bbox 468 3028 602 3108; x_wconf 89' lang='lat' dir='ltr'>laboret,</span> <span class='ocrx_word' id='word_1_88' title='bbox 624 3037 663 3092; x_wconf 92' lang='lat' dir='ltr'>ut</span> <span class='ocrx_word' id='word_1_89' title='bbox 690 3028 837 3107; x_wconf 89' lang='lat' dir='ltr'>libenter,</span> <span class='ocrx_word' id='word_1_90' title='bbox 860 3035 898 3091; x_wconf 91' lang='lat' dir='ltr'>ut</span> <span class='ocrx_word' id='word_1_91' title='bbox 925 3026 1154 3110; x_wconf 80' lang='lat' dir='ltr'>intelligenter,</span> <span class='ocrx_word' id='word_1_92' title='bbox 1176 3033 1210 3090; x_wconf 90' lang='lat' dir='ltr'>et</span> <span class='ocrx_word' id='word_1_93' title='bbox 1232 3025 1313 3090; x_wconf 91' lang='lat' dir='ltr'>obe·</span> 
     </span>
     <span class='ocr_line' id='line_1_20' title="bbox 298 3153 1312 3237; baseline -0.002 -19"><span class='ocrx_word' id='word_1_94' title='bbox 298 3156 424 3220; x_wconf 89' lang='lat' dir='ltr'>dienter</span> <span class='ocrx_word' id='word_1_95' title='bbox 460 3155 619 3220; x_wconf 87' lang='lat' dir='ltr'>audiatur.</span> <span class='ocrx_word' id='word_1_96' title='bbox 679 3158 725 3220; x_wconf 86' lang='lat' dir='ltr'>Et</span> <span class='ocrx_word' id='word_1_97' title='bbox 754 3156 816 3220; x_wconf 91' lang='lat' dir='ltr'>hoo</span> <span class='ocrx_word' id='word_1_98' title='bbox 847 3176 880 3218; x_wconf 87' lang='lat' dir='ltr'>se</span> <span class='ocrx_word' id='word_1_99' title='bbox 916 3174 1010 3237; x_wconf 88' lang='lat' dir='ltr'>posse</span> <span class='ocrx_word' id='word_1_100' title='bbox 1045 3153 1149 3237; x_wconf 84' lang='lat' dir='ltr'>magia</span> <span class='ocrx_word' id='word_1_101' title='bbox 1187 3153 1312 3237; x_wconf 89' lang='lat' dir='ltr'>pietate</span> 
     </span>
     <span class='ocr_line' id='line_1_21' title="bbox 297 3282 1309 3367; baseline 0 -21"><span class='ocrx_word' id='word_1_102' title='bbox 297 3283 490 3361; x_wconf 90' lang='lat' dir='ltr'>orationum,</span> <span class='ocrx_word' id='word_1_103' title='bbox 528 3306 625 3367; x_wconf 88' lang='lat' dir='ltr'>quam</span> <span class='ocrx_word' id='word_1_104' title='bbox 667 3283 822 3349; x_wconf 85' lang='lat' dir='ltr'>orationis</span> <span class='ocrx_word' id='word_1_105' title='bbox 858 3283 1022 3362; x_wconf 77' lang='lat' dir='ltr'>facultate,</span> <span class='ocrx_word' id='word_1_106' title='bbox 1065 3305 1134 3348; x_wconf 89' lang='lat' dir='ltr'>non</span> <span class='ocrx_word' id='word_1_107' title='bbox 1169 3282 1309 3347; x_wconf 85' lang='lat' dir='ltr'>dubitet.</span> 
     </span>
     <span class='ocr_line' id='line_1_22' title="bbox 298 3409 1312 3495; baseline 0 -21"><span class='ocrx_word' id='word_1_108' title='bbox 298 3411 430 3475; x_wconf 85' lang='lat' dir='ltr'>Orando</span> <span class='ocrx_word' id='word_1_109' title='bbox 454 3432 513 3493; x_wconf 90' lang='lat' dir='ltr'>pro</span> <span class='ocrx_word' id='word_1_110' title='bbox 534 3433 577 3490; x_wconf 89' lang='lat' dir='ltr'>se,</span> <span class='ocrx_word' id='word_1_111' title='bbox 601 3432 638 3475; x_wconf 84' lang='lat' dir='ltr'>ao</span> <span class='ocrx_word' id='word_1_112' title='bbox 660 3412 724 3476; x_wconf 89' lang='lat' dir='ltr'>illia</span> <span class='ocrx_word' id='word_1_113' title='bbox 748 3434 827 3495; x_wconf 91' lang='lat' dir='ltr'>quoa</span> <span class='ocrx_word' id='word_1_114' title='bbox 858 3419 906 3476; x_wconf 90' lang='lat' dir='ltr'>eat</span> <span class='ocrx_word' id='word_1_115' title='bbox 929 3411 1136 3490; x_wconf 85' lang='lat' dir='ltr'>allocuturus,</span> <span class='ocrx_word' id='word_1_116' title='bbox 1158 3410 1200 3475; x_wconf 85' lang='lat' dir='ltr'>sit</span> <span class='ocrx_word' id='word_1_117' title='bbox 1220 3409 1312 3494; x_wconf 86' lang='lat' dir='ltr'>prius</span> 
     </span>
     <span class='ocr_line' id='line_1_23' title="bbox 298 3539 1310 3624; baseline 0.002 -22"><span class='ocrx_word' id='word_1_118' title='bbox 298 3546 413 3618; x_wconf 89' lang='lat' dir='ltr'>orator,</span> <span class='ocrx_word' id='word_1_119' title='bbox 437 3561 533 3623; x_wconf 92' lang='lat' dir='ltr'>quam</span> <span class='ocrx_word' id='word_1_120' title='bbox 563 3539 695 3616; x_wconf 83' lang='lat' dir='ltr'>doator3</span> <span class='ocrx_word' id='word_1_121' title='bbox 728 3548 761 3604; x_wconf 91' lang='lat' dir='ltr'>et</span> <span class='ocrx_word' id='word_1_122' title='bbox 783 3540 896 3605; x_wconf 87' lang='lat' dir='ltr'>devote</span> <span class='ocrx_word' id='word_1_123' title='bbox 925 3540 1089 3619; x_wconf 79' lang='lat' dir='ltr'>aooedem,</span> <span class='ocrx_word' id='word_1_124' title='bbox 1119 3539 1310 3624; x_wconf 82' lang='lat' dir='ltr'>priusquam</span> 
     </span>
     <span class='ocr_line' id='line_1_24' title="bbox 298 3667 1311 3752; baseline 0.001 -22"><span class='ocrx_word' id='word_1_125' title='bbox 298 3675 423 3731; x_wconf 85' lang='lat' dir='ltr'>exserat</span> <span class='ocrx_word' id='word_1_126' title='bbox 445 3668 660 3751; x_wconf 82' lang='lat' dir='ltr'>proferentem</span> <span class='ocrx_word' id='word_1_127' title='bbox 682 3668 827 3752; x_wconf 87' lang='lat' dir='ltr'>linguam</span> <span class='ocrx_word' id='word_1_128' title='bbox 849 3668 890 3733; x_wconf 87' lang='lat' dir='ltr'>sd</span> <span class='ocrx_word' id='word_1_129' title='bbox 909 3669 1027 3748; x_wconf 90' lang='lat' dir='ltr'>Deum,</span> <span class='ocrx_word' id='word_1_130' title='bbox 1042 3668 1144 3733; x_wconf 76' lang='lat' dir='ltr'>elevet</span> <span class='ocrx_word' id='word_1_131' title='bbox 1167 3667 1311 3733; x_wconf 87' lang='lat' dir='ltr'>animam</span> 
     </span>
     <span class='ocr_line' id='line_1_25' title="bbox 299 3795 1312 3882; baseline 0.001 -23"><span class='ocrx_word' id='word_1_132' title='bbox 299 3795 482 3873; x_wconf 80' lang='lat' dir='ltr'>sitientem3</span> <span class='ocrx_word' id='word_1_133' title='bbox 505 3805 543 3860; x_wconf 89' lang='lat' dir='ltr'>ut</span> <span class='ocrx_word' id='word_1_134' title='bbox 572 3803 706 3876; x_wconf 79' lang='lat' dir='ltr'>eructet,</span> <span class='ocrx_word' id='word_1_135' title='bbox 729 3798 816 3882; x_wconf 89' lang='lat' dir='ltr'>quod</span> <span class='ocrx_word' id='word_1_136' title='bbox 844 3797 920 3863; x_wconf 91' lang='lat' dir='ltr'>inde</span> <span class='ocrx_word' id='word_1_137' title='bbox 949 3798 1078 3878; x_wconf 86' lang='lat' dir='ltr'>biberit,</span> <span class='ocrx_word' id='word_1_138' title='bbox 1101 3804 1136 3862; x_wconf 81' lang='lat' dir='ltr'>et</span> <span class='ocrx_word' id='word_1_139' title='bbox 1163 3795 1312 3862; x_wconf 80' lang='lat' dir='ltr'>effundat</span> 
     </span>
     <span class='ocr_line' id='line_1_26' title="bbox 299 3925 596 4010; baseline 0.013 -22"><span class='ocrx_word' id='word_1_140' title='bbox 299 3925 385 4009; x_wconf 87' lang='lat' dir='ltr'>quod</span> <span class='ocrx_word' id='word_1_141' title='bbox 406 3925 596 4010; x_wconf 83' lang='lat' dir='ltr'>impleverit.</span> 
     </span>
    </p>

    <p class='ocr_par' dir='ltr' id='par_1_12' title="bbox 254 4054 1314 4395">
     <span class='ocr_line' id='line_1_27' title="bbox 254 4054 1312 4140; baseline 0.002 -22"><span class='ocrx_word' id='word_1_142' title='bbox 254 4054 342 4137; x_wconf 83' lang='lat' dir='ltr'>Ergo</span> <span class='ocrx_word' id='word_1_143' title='bbox 364 4075 384 4117; x_wconf 89' lang='lat' dir='ltr'>a</span> <span class='ocrx_word' id='word_1_144' title='bbox 404 4073 480 4116; x_wconf 83' lang='lat' dir='ltr'>vero</span> <span class='ocrx_word' id='word_1_145' title='bbox 502 4054 643 4117; x_wconf 86' lang='lat' dir='ltr'>Domino</span> <span class='ocrx_word' id='word_1_146' title='bbox 666 4075 704 4118; x_wconf 87' lang='lat' dir='ltr'>ao</span> <span class='ocrx_word' id='word_1_147' title='bbox 726 4055 886 4138; x_wconf 80' lang='lat' dir='ltr'>Magistro</span> <span class='ocrx_word' id='word_1_148' title='bbox 915 4063 1027 4120; x_wconf 89' lang='lat' dir='ltr'>nostro</span> <span class='ocrx_word' id='word_1_149' title='bbox 1055 4056 1217 4140; x_wconf 86' lang='lat' dir='ltr'>postulare</span> <span class='ocrx_word' id='word_1_150' title='bbox 1241 4075 1312 4120; x_wconf 91' lang='lat' dir='ltr'>non</span> 
     </span>
     <span class='ocr_line' id='line_1_28' title="bbox 298 4181 1313 4268; baseline 0.004 -23"><span class='ocrx_word' id='word_1_151' title='bbox 298 4181 418 4261; x_wconf 86' lang='lat' dir='ltr'>desino,</span> <span class='ocrx_word' id='word_1_152' title='bbox 434 4188 472 4246; x_wconf 88' lang='lat' dir='ltr'>nt</span> <span class='ocrx_word' id='word_1_153' title='bbox 491 4203 530 4246; x_wconf 89' lang='lat' dir='ltr'>ea</span> <span class='ocrx_word' id='word_1_154' title='bbox 543 4203 605 4254; x_wconf 91' lang='lat' dir='ltr'>me,</span> <span class='ocrx_word' id='word_1_155' title='bbox 622 4182 688 4246; x_wconf 80' lang='lat' dir='ltr'>aive</span> <span class='ocrx_word' id='word_1_156' title='bbox 703 4203 760 4266; x_wconf 88' lang='lat' dir='ltr'>per</span> <span class='ocrx_word' id='word_1_157' title='bbox 774 4183 900 4267; x_wconf 88' lang='lat' dir='ltr'>eloquia</span> <span class='ocrx_word' id='word_1_158' title='bbox 914 4184 1153 4268; x_wconf 81' lang='lat' dir='ltr'>Scripturarum</span> <span class='ocrx_word' id='word_1_159' title='bbox 1168 4203 1313 4261; x_wconf 86' lang='lat' dir='ltr'>suarum,</span> 
     </span>
     <span class='ocr_line' id='line_1_29' title="bbox 298 4307 1314 4395; baseline -0.001 -22"><span class='ocrx_word' id='word_1_160' title='bbox 298 4307 364 4373; x_wconf 85' lang='lat' dir='ltr'>sive</span> <span class='ocrx_word' id='word_1_161' title='bbox 396 4331 455 4393; x_wconf 83' lang='lat' dir='ltr'>per</span> <span class='ocrx_word' id='word_1_162' title='bbox 482 4308 782 4374; x_wconf 77' lang='lat' dir='ltr'>sermocinationem</span> <span class='ocrx_word' id='word_1_163' title='bbox 812 4310 961 4389; x_wconf 75' lang='lat' dir='ltr'>fratrum,</span> <span class='ocrx_word' id='word_1_164' title='bbox 992 4311 1058 4376; x_wconf 78' lang='lat' dir='ltr'>sive</span> <span class='ocrx_word' id='word_1_165' title='bbox 1087 4332 1144 4395; x_wconf 92' lang='lat' dir='ltr'>per</span> <span class='ocrx_word' id='word_1_166' title='bbox 1172 4308 1314 4395; x_wconf 88' lang='lat' dir='ltr'>inspira-</span> 
     </span>
    </p>
   </div>
   <div class='ocr_carea' id='block_1_7' title="bbox 0 0 1467 5002">
    <p class='ocr_par' dir='ltr' id='par_1_13' title="bbox 0 0 1467 5002">
     <span class='ocr_line' id='line_1_30' title="bbox 0 0 1467 5002; baseline 0 0"><span class='ocrx_word' id='word_1_167' title='bbox 0 0 1467 5002; x_wconf 95' lang='lat' dir='ltr'> </span> 
     </span>
    </p>
   </div>
  </div>
 </body>
</html>
