2910 5002
422 471 593 535 PRECES
618 471 935 537 QUOTIDIANAE.
1143 475 1208 536 263

241 637 317 699 dum
341 635 497 701 descendo
519 637 554 698 in
577 636 841 719 corruptionem?
887 638 973 700 Psol.
999 659 1070 713 xxx.
1095 643 1127 703 9.

155 765 306 846 Propter¹⁸
327 762 572 827 multitudinem
594 764 838 828 miserationum
859 771 1000 843 tuarum,

197 890 349 975 Propterb
373 891 508 971 divitias,
532 892 916 975 et⁰superabundantem

240 1013 503 1080 “Abundantiam
525 1016 813 1081 misericordiarum
836 1023 977 1094 tuarum,

153 1142 267 1204 ”Prot
291 1143 325 1208 li.
351 1145 380 1207 1.
433 1143 644 1225 cupam.
699 1144 807 1226 rupa
831 1144 853 1208 i.
877 1146 908 1208 8.
962 1142 1208 1208 “Romnae

155 1268 289 1352 Propter
299 1271 450 1355 quicquid
460 1279 516 1335 aut
524 1272 598 1336 'Iibi
608 1273 741 1336 charum
751 1280 810 1350 cst,
821 1278 878 1336 aut
887 1271 980 1336 nobis
989 1272 1243 1351 memorandum,

155 1396 225 1458 Prae
234 1399 383 1462 omnibus
394 1407 502 1463 autem
511 1407 544 1463 et
554 1421 650 1483 super
660 1401 778 1479 omnia,
790 1407 920 1484 propter
929 1400 1186 1484 Teipsum,Dan.
1197 1402 1238 1466 ix.
1249 1403 1298 1469 19.

198 1525 332 1607 Propter
341 1526 503 1608 Teipsum,
513 1527 663 1606 Domine,
674 1535 709 1591 et
719 1527 885 1592 Christum
896 1539 999 1605 tunm,
1010 1528 1129 1592 Jaxiv.
1139 1530 1190 1608 13,
1198 1533 1247 1594 14.

155 1648 316 1731 Propitius
325 1658 403 1728 esto,
414 1652 563 1731 Domine,
572 1652 654 1715 mihi
662 1660 866 1735 peccatorum
874 1654 987 1737 primo.
1004 1654 1035 1738 [1
1048 1655 1152 1719 urai.
1162 1656 1226 1739 15.]

242 1776 272 1837 Ο
295 1775 435 1840 Domine
457 1778 513 1875 mi,
538 1779 757 1860 superexultat

285 1903 507 1968 Misericordia
518 1905 679 1988 judicium
693 1907 730 1970 in
740 1914 871 1991 peccato
882 1928 964 1973 meo.
995 1909 1079 1992 [Joc.
1092 1909 1124 1973 ii.
1140 1909 1207 1992 13.]
1241 1938 1247 1953 1

327 2033 463 2112 Exaudi,
487 2035 637 2113 Domine,

331 2161 494 2244 Propitius
517 2169 595 2240 esto,
619 2163 768 2240 Domine,
859 2255 861 2259 .

330 2290 479 2368 Intende,
502 2289 653 2364 Domine,

157 2415 306 2495 Domine,
329 2417 471 2496 intende,
495 2424 528 2481 et
550 2417 610 2496 fac,

245 2544 318 2622 Fac,
342 2552 440 2608 atne
462 2544 595 2609 moreris
618 2505 747 2628 propter
768 2545 930 2629 Teipsum,

286 2672 339 2735 Ne
361 2673 504 2748 moreris,
528 2673 678 2750 Domine,
702 2674 791 2738 Deus
814 2695 914 2738 meus.
961 2676 1044 2737 Dan.
1068 2673 1109 2737 ix.
1135 2674 1186 2738 19.
