<?xml version="1.0" encoding="UTF-8"?>
<!DOCTYPE html PUBLIC "-//W3C//DTD XHTML 1.0 Transitional//EN"
    "http://www.w3.org/TR/xhtml1/DTD/xhtml1-transitional.dtd">
<html xmlns="http://www.w3.org/1999/xhtml" xml:lang="en" lang="en">
 <head>
  <title>
</title>
<meta http-equiv="Content-Type" content="text/html;charset=utf-8" />
  <meta name='ocr-system' content='tesseract 3.04.00' />
  <meta name='ocr-capabilities' content='ocr_page ocr_carea ocr_par ocr_line ocrx_word'/>
</head>
<body>
  <div class='ocr_page' id='page_1' title='image "./precesprivataeq00andrgoog_0050.png"; bbox 0 0 2910 5002; ppageno 0'>
   <div class='ocr_carea' id='block_1_1' title="bbox 258 398 1042 465">
    <p class='ocr_par' dir='ltr' id='par_1_1' title="bbox 258 398 1042 465">
     <span class='ocr_line' id='line_1_1' title="bbox 258 398 1042 465; baseline 0.006 -5"><span class='ocrx_word' id='word_1_1' title='bbox 258 399 300 460; x_wconf 79' lang='lat'>32</span> <span class='ocrx_word' id='word_1_2' title='bbox 542 398 681 462; x_wconf 72' lang='lat' dir='ltr'><strong>ETXAI</strong></span> <span class='ocrx_word' id='word_1_3' title='bbox 706 399 1042 465; x_wconf 86' lang='grc' dir='ltr'>ΚΑΘΗΜΕΡΙΝΑΙ.</span> 
     </span>
    </p>
   </div>
   <div class='ocr_carea' id='block_1_2' title="bbox 256 565 1066 785">
    <p class='ocr_par' dir='ltr' id='par_1_2' title="bbox 256 565 1066 785">
     <span class='ocr_line' id='line_1_2' title="bbox 258 565 946 653; baseline 0.004 -24"><span class='ocrx_word' id='word_1_4' title='bbox 258 565 403 653; x_wconf 84' lang='grc' dir='ltr'>Τρόπους</span> <span class='ocrx_word' id='word_1_5' title='bbox 424 565 502 651; x_wconf 82' lang='grc' dir='ltr'>ἡμῖν</span> <span class='ocrx_word' id='word_1_6' title='bbox 522 568 691 650; x_wconf 76' lang='grc' dir='ltr'>μετανοίας</span> <span class='ocrx_word' id='word_1_7' title='bbox 712 566 946 650; x_wconf 74' lang='grc' dir='ltr'>ὑποτιθέμενος.</span> 
     </span>
     <span class='ocr_line' id='line_1_3' title="bbox 256 691 1066 785; baseline 0.006 -27"><span class='ocrx_word' id='word_1_8' title='bbox 256 691 298 758; x_wconf 92' lang='grc' dir='ltr'>Ὁ</span> <span class='ocrx_word' id='word_1_9' title='bbox 322 693 402 765; x_wconf 83' lang='grc' dir='ltr'>Θεὸς</span> <span class='ocrx_word' id='word_1_10' title='bbox 424 697 480 785; x_wconf 84' lang='grc' dir='ltr'>τῆς</span> <span class='ocrx_word' id='word_1_11' title='bbox 502 693 635 782; x_wconf 80' lang='grc' dir='ltr'>εἰρήνης,</span> <span class='ocrx_word' id='word_1_12' title='bbox 657 693 675 760; x_wconf 85' lang='grc' dir='ltr'>ὁ</span> <span class='ocrx_word' id='word_1_13' title='bbox 698 692 867 780; x_wconf 75' lang='grc' dir='ltr'>ἀνσγαηιῦν</span> <span class='ocrx_word' id='word_1_14' title='bbox 890 696 927 762; x_wconf 81' lang='grc' dir='ltr'>έιι</span> <span class='ocrx_word' id='word_1_15' title='bbox 948 701 1066 784; x_wconf 77' lang='grc' dir='ltr'>νεκρῶν</span> 
     </span>
    </p>
   </div>
   <div class='ocr_carea' id='block_1_3' title="bbox 254 819 1080 2436">
    <p class='ocr_par' dir='ltr' id='par_1_3' title="bbox 254 819 1080 2436">
     <span class='ocr_line' id='line_1_4' title="bbox 300 819 1024 909; baseline 0.006 -25"><span class='ocrx_word' id='word_1_16' title='bbox 300 820 365 886; x_wconf 84' lang='grc' dir='ltr'>Τὸν</span> <span class='ocrx_word' id='word_1_17' title='bbox 386 819 532 903; x_wconf 85' lang='grc' dir='ltr'>Ποιμένα</span> <span class='ocrx_word' id='word_1_18' title='bbox 553 823 617 888; x_wconf 84' lang='grc' dir='ltr'>τιῦν</span> <span class='ocrx_word' id='word_1_19' title='bbox 637 820 816 909; x_wconf 83' lang='grc' dir='ltr'>προβάτων</span> <span class='ocrx_word' id='word_1_20' title='bbox 837 821 893 886; x_wconf 85' lang='grc' dir='ltr'>τὸν</span> <span class='ocrx_word' id='word_1_21' title='bbox 913 822 1024 907; x_wconf 67' lang='grc' dir='ltr'>μέγαν,</span> 
     </span>
     <span class='ocr_line' id='line_1_5' title="bbox 343 945 866 1032; baseline 0.006 -21"><span class='ocrx_word' id='word_1_22' title='bbox 343 945 401 1012; x_wconf 87' lang='grc' dir='ltr'>Ἐν</span> <span class='ocrx_word' id='word_1_23' title='bbox 421 946 534 1031; x_wconf 76' lang='grc' dir='ltr'>αἵματι</span> <span class='ocrx_word' id='word_1_24' title='bbox 556 947 709 1032; x_wconf 71' lang='grc' dir='ltr'>διαθήκης</span> <span class='ocrx_word' id='word_1_25' title='bbox 730 947 866 1024; x_wconf 85' lang='grc' dir='ltr'>αἰωνίου,</span> 
     </span>
     <span class='ocr_line' id='line_1_6' title="bbox 430 1075 1080 1166; baseline 0.005 -25"><span class='ocrx_word' id='word_1_26' title='bbox 430 1075 495 1142; x_wconf 77' lang='grc' dir='ltr'>Τὸν</span> <span class='ocrx_word' id='word_1_27' title='bbox 517 1075 639 1164; x_wconf 79' lang='grc' dir='ltr'>Κύριον</span> <span class='ocrx_word' id='word_1_28' title='bbox 659 1075 750 1160; x_wconf 79' lang='grc' dir='ltr'>ἡμῶν</span> <span class='ocrx_word' id='word_1_29' title='bbox 770 1075 900 1159; x_wconf 86' lang='grc' dir='ltr'>Ἰησοῦν</span> <span class='ocrx_word' id='word_1_30' title='bbox 920 1078 1080 1166; x_wconf 80' lang='grc' dir='ltr'>Χριστὸν,</span> 
     </span>
     <span class='ocr_line' id='line_1_7' title="bbox 259 1202 992 1294; baseline 0.001 -25"><span class='ocrx_word' id='word_1_31' title='bbox 259 1202 462 1290; x_wconf 84' lang='grc' dir='ltr'>Καταρτίσαι</span> <span class='ocrx_word' id='word_1_32' title='bbox 482 1202 567 1286; x_wconf 82' lang='grc' dir='ltr'>ἡμᾶς</span> <span class='ocrx_word' id='word_1_33' title='bbox 589 1205 624 1269; x_wconf 90' lang='grc' dir='ltr'>ε’ν</span> <span class='ocrx_word' id='word_1_34' title='bbox 645 1203 743 1269; x_wconf 84' lang='grc' dir='ltr'>παντὶ</span> <span class='ocrx_word' id='word_1_35' title='bbox 765 1203 847 1292; x_wconf 72' lang='grc' dir='ltr'>ἔργῳ</span> <span class='ocrx_word' id='word_1_36' title='bbox 869 1204 992 1294; x_wconf 74' lang='grc' dir='ltr'>σ’νγαθρῦ,</span> 
     </span>
     <span class='ocr_line' id='line_1_8' title="bbox 299 1330 898 1414; baseline 0.002 -17"><span class='ocrx_word' id='word_1_37' title='bbox 299 1331 343 1403; x_wconf 85' lang='grc' dir='ltr'>εἰς</span> <span class='ocrx_word' id='word_1_38' title='bbox 364 1358 402 1397; x_wconf 91' lang='grc' dir='ltr'>το</span> <span class='ocrx_word' id='word_1_39' title='bbox 423 1335 560 1414; x_wconf 80' lang='grc' dir='ltr'>ποιῆσαι</span> <span class='ocrx_word' id='word_1_40' title='bbox 582 1332 619 1396; x_wconf 80' lang='grc' dir='ltr'>τὸ</span> <span class='ocrx_word' id='word_1_41' title='bbox 643 1330 771 1414; x_wconf 81' lang='grc' dir='ltr'>θέλημα</span> <span class='ocrx_word' id='word_1_42' title='bbox 791 1331 898 1407; x_wconf 85' lang='grc' dir='ltr'>αῦτοῦ,</span> 
     </span>
     <span class='ocr_line' id='line_1_9' title="bbox 256 1456 1059 1546; baseline 0.002 -23"><span class='ocrx_word' id='word_1_43' title='bbox 256 1461 366 1525; x_wconf 82' lang='grc' dir='ltr'>Ποιῦν</span> <span class='ocrx_word' id='word_1_44' title='bbox 388 1460 423 1524; x_wconf 83' lang='grc' dir='ltr'>ἐν</span> <span class='ocrx_word' id='word_1_45' title='bbox 443 1457 521 1542; x_wconf 81' lang='grc' dir='ltr'>ἡμῖν</span> <span class='ocrx_word' id='word_1_46' title='bbox 541 1457 578 1524; x_wconf 81' lang='grc' dir='ltr'>τὸ</span> <span class='ocrx_word' id='word_1_47' title='bbox 600 1456 774 1546; x_wconf 75' lang='grc' dir='ltr'>εὐάρεστον</span> <span class='ocrx_word' id='word_1_48' title='bbox 795 1458 932 1525; x_wconf 80' lang='grc' dir='ltr'>ἐνώπιον</span> <span class='ocrx_word' id='word_1_49' title='bbox 952 1458 1059 1540; x_wconf 80' lang='grc' dir='ltr'>αὐτοῦ,</span> 
     </span>
     <span class='ocr_line' id='line_1_10' title="bbox 298 1580 756 1666; baseline -0.004 -14"><span class='ocrx_word' id='word_1_50' title='bbox 298 1586 364 1653; x_wconf 84' lang='grc' dir='ltr'>Διιὶ</span> <span class='ocrx_word' id='word_1_51' title='bbox 386 1586 529 1657; x_wconf 73' lang='grc' dir='ltr'>ΙΗΣΟΥ</span> <span class='ocrx_word' id='word_1_52' title='bbox 550 1580 756 1666; x_wconf 72' lang='grc' dir='ltr'>ΧΡΙΣΤΟΥ,</span> 
     </span>
     <span class='ocr_line' id='line_1_11' title="bbox 342 1713 818 1805; baseline 0 -25"><span class='ocrx_word' id='word_1_53' title='bbox 342 1715 409 1805; x_wconf 78' lang='grc' dir='ltr'>φή</span> <span class='ocrx_word' id='word_1_54' title='bbox 431 1714 510 1799; x_wconf 82' lang='grc' dir='ltr'>δόξα</span> <span class='ocrx_word' id='word_1_55' title='bbox 532 1713 576 1785; x_wconf 85' lang='grc' dir='ltr'>εἰς</span> <span class='ocrx_word' id='word_1_56' title='bbox 597 1717 671 1784; x_wconf 90' lang='grc' dir='ltr'>τοῦς</span> <span class='ocrx_word' id='word_1_57' title='bbox 692 1713 818 1785; x_wconf 79' lang='grc' dir='ltr'>αἰῶνας.</span> 
     </span>
     <span class='ocr_line' id='line_1_12' title="bbox 254 1840 1034 1931; baseline 0 -22"><span class='ocrx_word' id='word_1_58' title='bbox 254 1844 295 1910; x_wconf 93' lang='grc' dir='ltr'>Ὁ</span> <span class='ocrx_word' id='word_1_59' title='bbox 319 1841 490 1931; x_wconf 76' lang='grc' dir='ltr'>τρισάιγιόν</span> <span class='ocrx_word' id='word_1_60' title='bbox 513 1867 575 1907; x_wconf 91' lang='grc' dir='ltr'>σου</span> <span class='ocrx_word' id='word_1_61' title='bbox 597 1844 732 1925; x_wconf 80' lang='grc' dir='ltr'>Πνεῦμα</span> <span class='ocrx_word' id='word_1_62' title='bbox 753 1842 788 1908; x_wconf 80' lang='grc' dir='ltr'>έν</span> <span class='ocrx_word' id='word_1_63' title='bbox 807 1840 912 1931; x_wconf 75' lang='grc' dir='ltr'>ἡμέρα</span> <span class='ocrx_word' id='word_1_64' title='bbox 930 1842 1034 1928; x_wconf 78' lang='grc' dir='ltr'>ταύτῃ</span> 
     </span>
     <span class='ocr_line' id='line_1_13' title="bbox 298 1968 949 2058; baseline -0.006 -20"><span class='ocrx_word' id='word_1_65' title='bbox 298 1972 353 2038; x_wconf 78' lang='grc' dir='ltr'>ἐπὶ</span> <span class='ocrx_word' id='word_1_66' title='bbox 374 1972 446 2041; x_wconf 90' lang='grc' dir='ltr'>τοῦς</span> <span class='ocrx_word' id='word_1_67' title='bbox 467 1968 615 2052; x_wconf 77' lang='grc' dir='ltr'>μαθητάς</span> <span class='ocrx_word' id='word_1_68' title='bbox 637 1995 699 2034; x_wconf 91' lang='grc' dir='ltr'>σου</span> <span class='ocrx_word' id='word_1_69' title='bbox 720 1968 949 2058; x_wconf 71' lang='grc' dir='ltr'>καταπέμψας,</span> 
     </span>
     <span class='ocr_line' id='line_1_14' title="bbox 299 2096 1070 2189; baseline 0 -25"><span class='ocrx_word' id='word_1_70' title='bbox 299 2098 366 2164; x_wconf 81' lang='grc' dir='ltr'>Καὶ</span> <span class='ocrx_word' id='word_1_71' title='bbox 387 2096 475 2172; x_wconf 82' lang='grc' dir='ltr'>αῦτῦ,</span> <span class='ocrx_word' id='word_1_72' title='bbox 499 2096 607 2185; x_wconf 81' lang='grc' dir='ltr'>Κύριε,</span> <span class='ocrx_word' id='word_1_73' title='bbox 629 2097 674 2180; x_wconf 77' lang='grc' dir='ltr'>μὴ</span> <span class='ocrx_word' id='word_1_74' title='bbox 697 2097 871 2184; x_wconf 81' lang='grc' dir='ltr'>α’ντανέλῃς</span> <span class='ocrx_word' id='word_1_75' title='bbox 892 2097 946 2189; x_wconf 79' lang='grc' dir='ltr'>ἀφ’</span> <span class='ocrx_word' id='word_1_76' title='bbox 969 2097 1070 2184; x_wconf 77' lang='grc' dir='ltr'>ἡμῶν,</span> 
     </span>
     <span class='ocr_line' id='line_1_15' title="bbox 297 2224 981 2315; baseline 0.004 -25"><span class='ocrx_word' id='word_1_77' title='bbox 297 2225 394 2291; x_wconf 85' lang='grc' dir='ltr'>Ἀλλ’</span> <span class='ocrx_word' id='word_1_78' title='bbox 417 2225 602 2308; x_wconf 72' lang='grc' dir='ltr'>έηιιαίνισον</span> <span class='ocrx_word' id='word_1_79' title='bbox 622 2224 747 2314; x_wconf 80' lang='grc' dir='ltr'>ἡμέραν</span> <span class='ocrx_word' id='word_1_80' title='bbox 768 2225 839 2291; x_wconf 80' lang='grc' dir='ltr'>καθ’</span> <span class='ocrx_word' id='word_1_81' title='bbox 860 2225 981 2315; x_wconf 84' lang='grc' dir='ltr'>ἡμέραν</span> 
     </span>
     <span class='ocr_line' id='line_1_16' title="bbox 341 2351 833 2436; baseline 0.002 -18"><span class='ocrx_word' id='word_1_82' title='bbox 341 2353 376 2418; x_wconf 79' lang='grc' dir='ltr'>ἐν</span> <span class='ocrx_word' id='word_1_83' title='bbox 396 2351 474 2435; x_wconf 81' lang='grc' dir='ltr'>ἡμῖν</span> <span class='ocrx_word' id='word_1_84' title='bbox 495 2356 561 2423; x_wconf 87' lang='grc' dir='ltr'>τοῖς</span> <span class='ocrx_word' id='word_1_85' title='bbox 583 2352 739 2436; x_wconf 78' lang='grc' dir='ltr'>δεομένοις</span> <span class='ocrx_word' id='word_1_86' title='bbox 761 2381 833 2419; x_wconf 90' lang='grc' dir='ltr'>σου.</span> 
     </span>
    </p>
   </div>
   <div class='ocr_carea' id='block_1_4' title="bbox 251 2608 1100 4216">
    <p class='ocr_par' dir='ltr' id='par_1_4' title="bbox 251 2608 1100 4216">
     <span class='ocr_line' id='line_1_17' title="bbox 297 2608 929 2697; baseline 0.003 -23"><span class='ocrx_word' id='word_1_87' title='bbox 297 2609 560 2675; x_wconf 90' lang='lat' dir='ltr'><strong>OlKTIPMON</strong></span> <span class='ocrx_word' id='word_1_88' title='bbox 583 2608 637 2674; x_wconf 83' lang='grc' dir='ltr'>καὶ</span> <span class='ocrx_word' id='word_1_89' title='bbox 659 2609 796 2693; x_wconf 79' lang='grc' dir='ltr'>έλεῆμον</span> <span class='ocrx_word' id='word_1_90' title='bbox 819 2612 929 2697; x_wconf 83' lang='grc' dir='ltr'>Κύριε,</span> 
     </span>
     <span class='ocr_line' id='line_1_18' title="bbox 383 2731 855 2819; baseline 0.006 -23"><span class='ocrx_word' id='word_1_91' title='bbox 383 2731 587 2819; x_wconf 83' lang='grc' dir='ltr'>Μακρόθυμε</span> <span class='ocrx_word' id='word_1_92' title='bbox 610 2732 665 2798; x_wconf 74' lang='grc' dir='ltr'>καὶ</span> <span class='ocrx_word' id='word_1_93' title='bbox 686 2733 855 2808; x_wconf 78' lang='grc' dir='ltr'>πολυέλεε,</span> 
     </span>
     <span class='ocr_line' id='line_1_19' title="bbox 289 2856 897 2947; baseline -0.003 -22"><span class='ocrx_word' id='word_1_94' title='bbox 289 2860 473 2947; x_wconf 87' lang='grc' dir='ltr'>Ἥμαρτον,</span> <span class='ocrx_word' id='word_1_95' title='bbox 489 2856 673 2945; x_wconf 89' lang='grc' dir='ltr'>Ἥμαρτον,</span> <span class='ocrx_word' id='word_1_96' title='bbox 697 2858 808 2947; x_wconf 79' lang='grc' dir='ltr'>Κύριέ,</span> <span class='ocrx_word' id='word_1_97' title='bbox 832 2885 897 2925; x_wconf 91' lang='grc' dir='ltr'>σοι.</span> 
     </span>
     <span class='ocr_line' id='line_1_20' title="bbox 254 2983 865 3074; baseline -0.01 -19"><span class='ocrx_word' id='word_1_98' title='bbox 254 2990 354 3072; x_wconf 86' lang='grc' dir='ltr'>Οἴμοι</span> <span class='ocrx_word' id='word_1_99' title='bbox 376 2985 580 3074; x_wconf 82' lang='grc' dir='ltr'>ταλαίπωρος</span> <span class='ocrx_word' id='word_1_100' title='bbox 603 2985 665 3068; x_wconf 63' lang='grc' dir='ltr'>ένγώ</span> <span class='ocrx_word' id='word_1_101' title='bbox 687 2983 865 3072; x_wconf 83' lang='grc' dir='ltr'>ἅνθρωπος,</span> 
     </span>
     <span class='ocr_line' id='line_1_21' title="bbox 332 3111 735 3200; baseline -0.007 -21"><span class='ocrx_word' id='word_1_102' title='bbox 332 3113 514 3200; x_wconf 87' lang='grc' dir='ltr'>Ἥμαρτον,</span> <span class='ocrx_word' id='word_1_103' title='bbox 538 3111 647 3200; x_wconf 79' lang='grc' dir='ltr'>Κύριέ,</span> <span class='ocrx_word' id='word_1_104' title='bbox 670 3138 735 3192; x_wconf 84' lang='grc' dir='ltr'>σοι,</span> 
     </span>
     <span class='ocr_line' id='line_1_22' title="bbox 428 3237 907 3327; baseline 0.002 -23"><span class='ocrx_word' id='word_1_105' title='bbox 428 3239 550 3305; x_wconf 78' lang='grc' dir='ltr'>Πολλὰ</span> <span class='ocrx_word' id='word_1_106' title='bbox 570 3238 625 3304; x_wconf 77' lang='grc' dir='ltr'>καὶ</span> <span class='ocrx_word' id='word_1_107' title='bbox 646 3238 735 3304; x_wconf 78' lang='grc' dir='ltr'>δεινὰ</span> <span class='ocrx_word' id='word_1_108' title='bbox 755 3237 907 3327; x_wconf 80' lang='grc' dir='ltr'>ἥμαρτον,</span> 
     </span>
     <span class='ocr_line' id='line_1_23' title="bbox 255 3364 1077 3455; baseline -0.007 -18"><span class='ocrx_word' id='word_1_109' title='bbox 255 3370 322 3437; x_wconf 84' lang='grc' dir='ltr'>Καὶ</span> <span class='ocrx_word' id='word_1_110' title='bbox 344 3372 447 3435; x_wconf 88' lang='grc' dir='ltr'>ταῦτα</span> <span class='ocrx_word' id='word_1_111' title='bbox 467 3365 715 3455; x_wconf 69' lang='grc' dir='ltr'>φυλασσόμενος</span> <span class='ocrx_word' id='word_1_112' title='bbox 736 3364 862 3450; x_wconf 82' lang='grc' dir='ltr'>μάταια</span> <span class='ocrx_word' id='word_1_113' title='bbox 883 3366 938 3432; x_wconf 63' lang='grc' dir='ltr'>καὶ</span> <span class='ocrx_word' id='word_1_114' title='bbox 959 3365 1077 3454; x_wconf 70' lang='grc' dir='ltr'>ψευδῆ.</span> 
     </span>
     <span class='ocr_line' id='line_1_24' title="bbox 297 3493 1100 3586; baseline -0.004 -22"><span class='ocrx_word' id='word_1_115' title='bbox 297 3497 350 3564; x_wconf 80' lang='grc' dir='ltr'>Οῦ</span> <span class='ocrx_word' id='word_1_116' title='bbox 371 3494 502 3586; x_wconf 79' lang='grc' dir='ltr'>κρύπτοι</span> <span class='ocrx_word' id='word_1_117' title='bbox 525 3520 566 3560; x_wconf 90' lang='grc' dir='ltr'>τι·</span> <span class='ocrx_word' id='word_1_118' title='bbox 589 3493 626 3559; x_wconf 87' lang='grc' dir='ltr'>οῦ</span> <span class='ocrx_word' id='word_1_119' title='bbox 648 3495 893 3582; x_wconf 77' lang='grc' dir='ltr'>προφασίζομαι</span> <span class='ocrx_word' id='word_1_120' title='bbox 914 3494 1100 3584; x_wconf 76' lang='grc' dir='ltr'>προφάσεις</span> 
     </span>
     <span class='ocr_line' id='line_1_25' title="bbox 339 3650 435 3695; baseline -0.042 -3"><span class='ocrx_word' id='word_1_121' title='bbox 339 3650 435 3695; x_wconf 78' lang='grc' dir='ltr'>τινας.</span> 
     </span>
     <span class='ocr_line' id='line_1_26' title="bbox 294 3750 927 3841; baseline -0.006 -21"><span class='ocrx_word' id='word_1_122' title='bbox 294 3751 420 3837; x_wconf 74' lang='grc' dir='ltr'>Δίδωμί</span> <span class='ocrx_word' id='word_1_123' title='bbox 438 3777 494 3816; x_wconf 89' lang='grc' dir='ltr'>σοι</span> <span class='ocrx_word' id='word_1_124' title='bbox 515 3750 621 3836; x_wconf 77' lang='grc' dir='ltr'>δόξαν,</span> <span class='ocrx_word' id='word_1_125' title='bbox 646 3750 753 3841; x_wconf 78' lang='grc' dir='ltr'>Κύριε,</span> <span class='ocrx_word' id='word_1_126' title='bbox 776 3751 927 3839; x_wconf 71' lang='grc' dir='ltr'>σήμερον.</span> 
     </span>
     <span class='ocr_line' id='line_1_27' title="bbox 251 3878 1061 3968; baseline -0.005 -19"><span class='ocrx_word' id='word_1_127' title='bbox 251 3879 453 3968; x_wconf 76' lang='grc' dir='ltr'>Ἐξαγορεῦοι</span> <span class='ocrx_word' id='word_1_128' title='bbox 476 3878 547 3945; x_wconf 80' lang='grc' dir='ltr'>κατ’</span> <span class='ocrx_word' id='word_1_129' title='bbox 570 3881 709 3963; x_wconf 83' lang='grc' dir='ltr'>ἐμαυτοῦ</span> <span class='ocrx_word' id='word_1_130' title='bbox 730 3880 789 3952; x_wconf 82' lang='grc' dir='ltr'>τὰς</span> <span class='ocrx_word' id='word_1_131' title='bbox 811 3879 969 3968; x_wconf 81' lang='grc' dir='ltr'>ἁμαρτίας</span> <span class='ocrx_word' id='word_1_132' title='bbox 989 3907 1061 3963; x_wconf 90' lang='grc' dir='ltr'>μου.</span> 
     </span>
     <span class='ocr_line' id='line_1_28' title="bbox 294 4007 977 4096; baseline -0.003 -20"><span class='ocrx_word' id='word_1_133' title='bbox 294 4008 442 4090; x_wconf 80' lang='grc' dir='ltr'>Ἀληθῶς</span> <span class='ocrx_word' id='word_1_134' title='bbox 465 4007 528 4092; x_wconf 68' lang='grc' dir='ltr'>ἐγὼ</span> <span class='ocrx_word' id='word_1_135' title='bbox 549 4007 694 4096; x_wconf 78' lang='grc' dir='ltr'>ἥμαρτον</span> <span class='ocrx_word' id='word_1_136' title='bbox 714 4008 821 4077; x_wconf 89' lang='grc' dir='ltr'>ἔναντι</span> <span class='ocrx_word' id='word_1_137' title='bbox 844 4008 977 4096; x_wconf 85' lang='grc' dir='ltr'>Κυρίου,</span> 
     </span>
     <span class='ocr_line' id='line_1_29' title="bbox 382 4133 919 4216; baseline -0.004 -13"><span class='ocrx_word' id='word_1_138' title='bbox 382 4137 449 4203; x_wconf 78' lang='grc' dir='ltr'>Καὶ</span> <span class='ocrx_word' id='word_1_139' title='bbox 470 4133 552 4202; x_wconf 84' lang='grc' dir='ltr'>οῦτω</span> <span class='ocrx_word' id='word_1_140' title='bbox 574 4135 629 4202; x_wconf 76' lang='grc' dir='ltr'>καὶ</span> <span class='ocrx_word' id='word_1_141' title='bbox 650 4133 749 4206; x_wconf 85' lang='grc' dir='ltr'>οῦπως</span> <span class='ocrx_word' id='word_1_142' title='bbox 771 4135 919 4216; x_wconf 79' lang='grc' dir='ltr'>ἐποίησα.</span> 
     </span>
    </p>
   </div>
   <div class='ocr_carea' id='block_1_5' title="bbox 246 4260 848 4345">
    <p class='ocr_par' dir='ltr' id='par_1_5' title="bbox 246 4260 848 4345">
     <span class='ocr_line' id='line_1_30' title="bbox 246 4260 848 4345; baseline -0.008 -13"><span class='ocrx_word' id='word_1_143' title='bbox 246 4268 294 4332; x_wconf 87' lang='grc' dir='ltr'>Ὦ</span> <span class='ocrx_word' id='word_1_144' title='bbox 316 4265 368 4330; x_wconf 70' lang='lat' dir='ltr'>ola</span> <span class='ocrx_word' id='word_1_145' title='bbox 391 4260 590 4337; x_wconf 85' lang='grc' dir='ltr'>συνετέλουν,</span> <span class='ocrx_word' id='word_1_146' title='bbox 613 4262 668 4327; x_wconf 86' lang='grc' dir='ltr'>καὶ</span> <span class='ocrx_word' id='word_1_147' title='bbox 689 4260 747 4328; x_wconf 78' lang='grc' dir='ltr'>οῦκ</span> <span class='ocrx_word' id='word_1_148' title='bbox 769 4262 848 4345; x_wconf 81' lang='grc' dir='ltr'>ἄξια</span> 
     </span>
    </p>
   </div>
   <div class='ocr_carea' id='block_1_6' title="bbox 0 0 1460 5002">
    <p class='ocr_par' dir='ltr' id='par_1_6' title="bbox 0 0 1460 5002">
     <span class='ocr_line' id='line_1_31' title="bbox 0 0 1460 5002; baseline 0 1"><span class='ocrx_word' id='word_1_149' title='bbox 0 0 1460 5002; x_wconf 95' lang='lat' dir='ltr'> </span> 
     </span>
    </p>
   </div>
  </div>
 </body>
</html>
