2910 5002
476 448 646 513 PRECES
672 449 990 515 QUOTIDIANAE.
1216 454 1259 514 27

287 617 428 682 animam
450 639 566 682 meam.
619 621 704 682 Vera.
731 624 782 684 ll.

199 744 289 808 Pelle
311 766 350 809 ex
373 748 481 810 anima
502 768 574 810 mea

243 872 453 955 cogitationes
473 873 660 938 insensatas.
707 875 783 955 Sap.
808 875 873 938 Sol.
896 875 918 938 i.
942 878 972 938 5.

201 997 329 1081 Inspira
351 1007 460 1063 autem
482 999 594 1077 bonas,

244 1133 277 1189 et
299 1127 333 1190 in
356 1137 529 1212 conspeetu
551 1136 608 1192 tuo
630 1129 848 1213 complacitas.

199 1253 318 1319 Averte
341 1256 449 1320 oculos
472 1277 559 1320 meos

243 1403 285 1446 ne
306 1382 436 1447 videant
456 1383 643 1447 vanitatem.
690 1385 775 1446 Paul
800 1384 882 1448 cxix.
906 1386 959 1448 37.

244 1509 339 1576 Oculi
361 1510 426 1574 mei
449 1510 535 1594 quod
556 1517 681 1574 rectum
704 1517 752 1575 est
775 1511 941 1594 aspiciant,

243 1641 288 1703 Et
308 1639 469 1724 palpebrae
491 1647 638 1704 annuant
660 1640 767 1703 rectis.
814 1641 890 1703 Pro.
913 1640 956 1703 iv.
979 1642 1035 1704 25.
1111 1672 1113 1676 ·

201 1768 276 1852 Sepi
299 1789 392 1832 aures
414 1787 501 1831 meas
523 1766 635 1850 spinis,

286 1895 339 1959 Ne
353 1894 525 1959 intendant
540 1893 740 1959 sermonibus
762 1892 883 1976 absque
904 1893 1081 1960 intellectu.

329 2020 426 2103 Erige
449 2041 553 2084 mane>
566 2019 646 2083 mihi
669 2040 779 2083 aurem
802 2019 997 2099 audientem,
1042 2021 1102 2086 Ea.
1123 2021 1146 2086 1.
1168 2023 1200 2100 4,
1224 2023 1255 2088 5.

154 2129 158 2135 ⁸
200 2148 250 2211 Ut
271 2157 416 2212 attentus
438 2148 500 2211 sim
522 2147 723 2212 sermonibus
745 2147 930 2231 disciplinae.

200 2275 299 2353 Pone,
323 2275 474 2354 Domine,
499 2275 676 2340 custodiam
698 2275 746 2339 ori
768 2294 851 2353 meo,

243 2403 361 2467 ostium
384 2404 634 2469 circumstantiae
655 2403 748 2467 labiis
770 2403 860 2466 meis.
906 2403 995 2466 Paul.
1019 2403 1092 2467 cxli.
1116 2407 1147 2468 8.

287 2532 367 2595 Esto
389 2552 493 2596 sermo
515 2553 607 2595 meus
629 2531 694 2595 sule
716 2529 876 2609 conditus,
924 2530 1039 2594 Colore.
1062 2531 1103 2595 iv.
1126 2532 1158 2595 6.

245 2665 282 2722 ut
303 2659 359 2723 det
381 2659 517 2742 gratiam
540 2658 757 2723 audientibus.
809 2658 907 2741 [upa.
929 2657 971 2721 iv.
995 2657 1063 2740 29.]

200 2785 294 2848 Nihil
314 2784 400 2869 quod
419 2784 561 2849 facturus
582 2784 713 2848 sumsit
735 2783 817 2847 mihi
834 2784 869 2847 in
892 2783 1071 2866 singultum
1093 2784 1144 2847 vel
1166 2805 1256 2848 soan-

244 2913 353 2978 dalum
376 2913 488 2979 oordis.
535 2916 551 2975 l
578 2914 664 2976 Sam.
687 2934 758 2976 xxv.
782 2915 836 2976 31.

201 3041 403 3123 Praeparetur
420 3048 528 3103 autem
547 3038 627 3102 mihi
646 3037 776 3120 aliquod
793 3058 883 3120 opus,
905 3057 963 3120 pro
984 3058 1048 3120 quo
1069 3055 1192 3100 memor
1212 3035 1256 3098 sis

242 3165 307 3230 mei
328 3167 363 3229 in
385 3166 517 3244 bonum,
537 3174 570 3230 et
592 3186 686 3249 parce
708 3165 789 3229 mihi
812 3164 989 3230 seeundum
1011 3163 1255 3228 multitudinem

244 3292 487 3356 miserationum
509 3300 648 3356 tuarum.
694 3293 823 3355 Nebem.
847 3292 914 3356 xiii.
937 3293 990 3369 22,
1013 3292 1068 3355 31.

202 3540 242 3602 ΙΝ
266 3560 381 3602 manus
403 3547 475 3603 tuas
497 3538 686 3604 commendo

247 3666 412 3748 Spiritum,
436 3666 587 3746 animam,
611 3686 725 3749 eorpus
747 3685 866 3728 meum.

202 3793 336 3872 Oreasti,
359 3792 534 3872 redemisti,
558 3802 591 3857 et
613 3791 812 3876 regenerasti
833 3791 889 3853 illa

245 3920 395 3998 Domine,
419 3921 507 3983 Deus
528 3920 683 3997 veritatis,
728 3918 818 3980 Paol.
840 3915 925 3979 xxxi.
950 3918 980 3979 6.

202 4050 246 4111 Et
268 4069 395 4112 mecum
416 4068 504 4111 meos
526 4067 638 4111 omues
662 4052 695 4109 et
716 4065 789 4107 mea
810 4042 928 4107 omnia.

202 4175 371 4239 Donavisti
381 4174 461 4239 mihi
467 4174 531 4254 illa,
538 4174 688 4252 Domine,
696 4173 731 4236 in
739 4171 940 4255 benignitate
948 4177 1014 4234 tua.
1028 4167 1256 4232 Gemmiiib.

246 4302 380 4366 Custodi
403 4324 462 4366 uos
486 4302 526 4365 ab
548 4302 637 4365 omui
659 4301 755 4378 malo,
802 4300 889 4362 Paul.
914 4297 994 4361 cxxi.
1020 4298 1048 4358 7.
