2910 5002
235 454 301 517 300
513 451 682 515 Peneos
707 445 1023 515 QUOTIDIANAE.

653 651 882 716 Celeitodinem.

243 789 328 856 Quia
350 791 474 854 excelso
496 788 649 854 excelsior
671 796 720 851 est
742 786 832 850 alius.
878 785 1000 848 Eccleo.
1023 803 1053 848 v.
1076 782 1110 866 8,

651 1051 886 1114 AEtemitatene
903 1090 908 1096 ·

242 1190 361 1254 Invooa
383 1210 502 1253 nomen
526 1191 588 1254 Dei
610 1189 733 1254 aeterni.
783 1189 858 1250 Gen.
883 1187 947 1251 xxi.
970 1187 1023 1248 33.

626 1453 921 1535 Omnipraeoentiam.

247 1589 406 1671 Nunquid
428 1611 493 1653 non
516 1590 632 1654 eoelum
656 1597 688 1654 et
710 1596 828 1653 terram
851 1586 990 1671 impleo?

337 1715 415 1778 dicit
438 1716 607 1779 Dominus.
653 1715 718 1778 Jer.
743 1714 828 1778 xxiii.
852 1713 905 1778 24.

649 1987 911 2049 Omnioeientiom.

253 2119 326 2184 Quo
334 2119 549 2206 iboaSpiritu
557 2124 636 2202 Tuo,
646 2130 680 2186 et
689 2123 868 2206 quoefacie
879 2123 949 2186 Tua
958 2120 1089 2204 fugiam.
1118 2113 1304 2180 Peemix.
1320 2115 1352 2176 7.

428 2250 463 2313 Si
486 2250 657 2315 ascendero
678 2252 714 2313 in
736 2250 862 2328 coelum,
886 2249 936 2312 'Pu
957 2247 1023 2310 illic
1034 2273 1043 2324 ;

348 2352 353 2367 ¹
428 2377 462 2440 Si
477 2377 669 2442 descendero
684 2377 724 2441 ad
738 2377 911 2454 infernum,
928 2375 1023 2453 odes3
1047 2381 1108 2438 ooo.
1127 2372 1232 2456 [Vere.
1249 2367 1295 2453 8.]
1396 2366 1399 2371 ’

254 2505 304 2566 'Pu
326 2506 435 2569 omnia
455 2508 550 2587 nosti,
595 2508 646 2570 Jo.
670 2508 731 2570 xxi.
756 2508 806 2572 17.
893 2510 898 2521 “

257 2634 342 2698 Quia
378 2635 428 2697 'Pu
456 2636 541 2699 nosti
579 2636 666 2699 solus
696 2657 751 2699 eor
787 2635 932 2698 omnium
963 2633 1100 2697 filiorum
1130 2629 1309 2700 hominurn,

345 2760 361 2823 1
386 2762 462 2843 Rea.
487 2763 551 2826 viii.
576 2766 629 2827 39.

653 3012 921 3095 omnipotentiam.

259 3146 337 3209 Non
352 3152 402 3209 est
416 3147 611 3230 impossibile
626 3148 711 3232 apud
726 3148 834 3212 Deum
850 3167 945 3210 omne
959 3144 1101 3209 verbum.
1126 3144 1202 3206 Duc.
1219 3142 1240 3206 i.
1257 3143 1311 3207 37.

260 3272 331 3353 Ego
353 3272 442 3335 Deus
464 3274 674 3356 omnipotens.
723 3277 799 3337 Gen.
823 3274 897 3336 xvii.
925 3273 952 3335 l.

586 3532 794 3596 Altitudinem
816 3534 993 3616 Sapientiae.

263 3669 293 3730 Ο
316 3667 453 3732 altitudo
476 3667 660 3733 divitiarum
690 3669 831 3735 soientiae
860 3678 893 3734 et
916 3671 1083 3755 sapientiae
1105 3668 1187 3732 Dei!
1221 3689 1316 3750 quam

304 3797 640 3881 incomprehensibilia
661 3806 738 3862 sunt
756 3799 879 3883 judicia
900 3800 991 3883 Ejus,
1014 3805 1048 3861 et
1077 3795 1316 3881 investigabiles

351 3925 411 3988 viae
433 3926 541 4007 Ejus?
586 3927 675 3990 Rom.
698 3925 742 3989 xi.
764 3929 818 3989 33.

586 4183 807 4247 Ineooeuooom
828 4184 1002 4247 veritatem.

264 4318 396 4384 Veritas
418 4319 551 4385 Domini
571 4319 739 4384 menotio
761 4324 927 4383 aeoemum.
973 4318 1061 4381 Pool.
1085 4317 1176 4382 exvii.
1200 4320 1231 4380 2.
