2910 5002
196 421 261 482 434
470 418 637 482 Paucas
663 417 980 483 QUOTIDIANAE.

197 593 275 655 Pro.
300 589 382 652 xxiv.
409 587 458 651 16.
501 588 625 672 Septies
647 587 683 650 in
705 588 757 651 die
778 588 930 673 impingit
948 591 1067 676 justus,

459 735 518 777 nos
540 734 614 777 vero
639 714 759 795 (miseri
781 718 975 798 peccatores)

501 839 706 922 septuaginta
727 841 851 924 septies.

286 963 393 1028 Hodie
415 985 542 1048 quoque
564 987 660 1028 suum
688 966 839 1051 [malum]
866 968 989 1048 habuit,

371 1100 404 1154 et
427 1113 521 1154 suum
544 1091 764 1176 merebi[tur.]

287 1216 350 1281 Sed
372 1217 560 1280 revertimur
582 1217 622 1280 ad
644 1219 699 1297 Te,
723 1227 756 1282 et
778 1221 886 1283 omnia

328 1366 398 1408 ossa
419 1352 530 1408 nostra
552 1345 675 1422 dicunt,
699 1348 851 1426 Poenitet,

371 1472 442 1536 Nec
464 1472 588 1536 occidat
610 1473 657 1536 sol

415 1619 509 1682 super
529 1599 610 1662 iram
632 1600 744 1664 Tuam.

283 1723 433 1802 Domine,
457 1725 605 1789 universa
626 1747 725 1810 opera
746 1735 856 1791 nostra
879 1727 965 1792 bona

328 1851 378 1915 Tu
399 1858 548 1934 operatus
570 1873 604 1916 es
623 1852 658 1915 in
680 1852 784 1917 nobis

373 1979 535 2063 Quicquid
556 1988 643 2044 reete
665 1981 798 2063 egimus,

415 2105 578 2190 Propitius
600 2107 731 2191 respice.

285 2235 436 2314 Domine,
459 2242 628 2319 peecatum
650 2242 683 2298 et
704 2235 842 2319 perditio

328 2372 439 2459 nostra
460 2385 499 2427 ex
520 2363 614 2428 nobis
636 2375 723 2427 sunt.

374 2491 539 2575 Quicquid
561 2491 764 2575 deliquimus,

417 2621 603 2686 Clementer
624 2621 764 2704 ignosce,

415 2749 550 2833 Respice
571 2749 703 2826 bonum,

415 2877 542 2940 Malum
564 2874 719 2940 condona.

289 3003 485 3069 Benedictus
506 3023 541 3067 es
563 3003 624 3082 Tu,
647 3002 797 3080 Domine,

245 3130 311 3197 Qui
333 3130 390 3194 das
411 3131 537 3196 dilectis
559 3131 636 3195 'luis
649 3151 806 3194 somnum
828 3129 1003 3209 suavitatis,

331 3265 364 3321 et
386 3259 576 3324 timentibus
597 3259 643 3324 Te
666 3258 805 3322 dormire
827 3256 1026 3322 fiducialiter.

290 3383 446 3448 Illumina
468 3385 578 3448 oculos
599 3391 736 3462 nostros,
759 3404 802 3447 ne
823 3383 940 3448 obdor-

375 3510 526 3574 miremus
547 3512 582 3573 in
603 3517 718 3574 morte.

290 3638 410 3703 Libera
430 3650 489 3703 nos
511 3659 532 3701 a
552 3645 674 3702 terrore
696 3643 866 3716 nocturno,

376 3789 396 3830 a
416 3766 547 3849 negotio
568 3765 814 3850 perambulante
836 3765 870 3828 in
892 3763 1042 3829 tenebris.

291 3895 376 3959 Ecce
398 3915 464 3958 non
486 3893 672 3958 dormitabit
694 3914 799 3975 neque
821 3892 967 3971 dormiet,

377 4021 443 4088 Qui
464 4021 604 4085 custodit
627 4021 737 4085 Israel.

291 4151 451 4215 Dominus
473 4151 632 4215 custodiat
655 4171 714 4213 nos
736 4149 777 4212 ab
799 4148 887 4211 omni

376 4277 471 4356 malo,
494 4278 590 4343 etiam
613 4276 774 4342 custodiat

375 4407 499 4472 animm
519 4413 646 4470 nostras
668 4405 837 4470 Dominus.
