2910 5002
246 439 310 502 196
524 437 661 500 ETXAI
687 436 1027 501 ΚΑΘΗΜΕΡΙΝΑΙ.

247 606 337 689 Δόξα
359 633 424 689 σοι,
449 606 559 693 Κύριε,
583 605 661 688 δόξα
683 632 737 671 σοι

247 731 337 815 Δόξα
359 758 425 812 σοι,
450 733 504 797 καὶ
527 731 607 815 δόξα
628 736 674 820 τῷ
696 731 853 816 Παναγίῳ
875 757 937 796 σου
959 731 1101 816 ὀνόματι,

334 859 388 925 διό
410 859 522 929 πόσας
543 886 605 925 σον
627 859 750 930 ἐνθέους
771 859 979 940 τελειότητος

424 987 458 1052 ἐν
479 984 597 1055 αὐτοῖς
689 1078 692 1083 ¹

247 1114 313 1179 Διὰ
334 1112 390 1179 τόν
411 1112 640 1200 ὐυέιιφρασταν
662 1111 716 1178 καὶ
738 1111 927 1180 ἀνείκαστον
949 1113 1171 1196 όγαθωσύυην,

337 1240 392 1306 καὶ
413 1239 503 1310 ἔλεός
525 1264 586 1304 σον
607 1238 651 1310 εἰς
672 1237 893 1327 όρσρτωλούς,

464 1366 519 1432 καὶ
541 1365 699 1449 ἀναξίους,

336 1493 391 1559 καί
412 1491 456 1563 εἰς
477 1493 534 1573 ἐμὲ
556 1491 612 1557 τόν
633 1495 697 1558 τῶν
719 1490 921 1579 ἁμαρτωλῶν
941 1492 1073 1559 πόντων

465 1617 552 1684 πάνυ
572 1616 799 1700 ἀναξιώτατον

553 1746 622 1810 Ναὶ
643 1743 668 1811 ώ
691 1744 801 1832 Κύριε,

335 1871 399 1938 Διό
421 1873 547 1953 ταύτης,
573 1872 630 1938 διό
651 1899 687 1938 τε
709 1876 773 1939 τῶν
795 1872 916 1948 ἄλλων,

250 1999 340 2084 Δόξα
360 1999 416 2065 καὶ
437 1999 563 2070 ἔπαινος
586 2000 640 2066 καὶ
663 1999 794 2082 εὐλογία
815 1999 870 2065 καὶ
892 1999 1095 2089 εὐχαριστία,

338 2131 407 2196 ταῖς
429 2129 548 2212 φωναῖς
569 2125 624 2191 καὶ
647 2124 819 2213 συμφωνία
840 2129 960 2212 φωνῶν,

338 2253 503 2336 Ἀηηέλων
524 2279 560 2318 τε
581 2253 636 2318 καὶ
657 2252 843 2339 ἀνθρώπων,

252 2379 391 2448 Πάντων
412 2407 447 2447 τε
469 2382 503 2446 ἐν
523 2380 665 2469 οὐρανοῖς
689 2381 792 2465 ἁγίων
814 2407 884 2455 σου,

338 2509 448 2592 πόσης
470 2537 515 2592 τε,
537 2509 558 2593 ἢ
583 2511 617 2576 ἐν
638 2508 789 2598 οὐρανοῖς,
812 2511 833 2592 ἣ
856 2507 912 2574 ἐπὶ
933 2512 1002 2592 γῆς,

554 2637 688 2710 κτίσεως
711 2665 783 2718 σου,

469 2765 537 2830 Καὶ
558 2764 622 2831 ὐπὸ
643 2764 716 2835 τούς
738 2762 840 2833 πόδας
861 2761 965 2828 αὐτῶν

294 2892 371 2974 ἐμοῦ
392 2896 449 2957 τοῦ
471 2891 602 2975 ἀναξίου
624 2891 679 2956 καὶ
701 2889 911 2977 ταλαιπώρου
933 2889 1135 2977 ἁμαρτωλοῦ,

469 3023 526 3099 τῆς
548 3021 698 3101 ταπεινῆς
720 3016 853 3089 κτίσειός
876 3044 947 3099 σου,

246 3152 251 3167 ’
339 3142 941 3234 ισὶνῦνέυῆμέριριιαὶώραταότῃ,

253 3271 307 3337 καὶ
329 3269 485 3359 ὁσημέραι
508 3270 552 3343 εἰς
572 3273 633 3353 τὴν
654 3271 801 3360 ἐσχάτην
822 3298 885 3355 μου
907 3271 1078 3354 ἀναπνοὴν,

296 3397 351 3463 καί
373 3397 417 3468 εἰς
438 3397 497 3482 τὴν
518 3399 709 3466 συντέλειαν
730 3402 786 3463 τοῦ
809 3398 940 3480 κόσμον,

341 3528 395 3595 καὶ
417 3527 461 3599 είς
483 3527 555 3599 τούς
577 3526 692 3595 αἰῶνας
714 3531 777 3593 τῶν
797 3524 933 3592 αἰώνων.
