2910 5002
470 419 638 486 Paucas
663 418 985 488 QUO'HDIANAE.
1214 424 1256 487 53

239 593 279 650 nt
302 592 335 651 et
358 593 559 652 mortuorum
581 593 614 651 et
629 587 774 651 vivorum
800 586 982 651 domineris.
1028 587 1118 651 Rom.
1139 588 1202 653 xiv.
1224 593 1257 655 9.

285 713 359 779 Sive
379 712 525 793 vivimus,
550 735 608 777 seu
630 714 797 793 morimur,
850 714 957 798 [Vera.
974 713 1020 797 8.]

416 840 468 905 'Pu
488 848 599 904 noster·
620 841 792 919 Dominus,

200 968 390 1033 Visentium
412 976 445 1033 et
467 976 668 1034 mortuorum
691 969 853 1050 miserere,
877 970 907 1035 Ο
929 969 1079 1035 Domine.

242 1180 273 1244 O
294 1179 475 1245 Auxiliator
496 1202 608 1245 eorum
630 1179 686 1264 qui
708 1179 779 1246 sinc
803 1179 922 1245 auxilio
944 1187 1031 1258 aunt,

196 1304 340 1389 Adjutor
357 1304 395 1368 iu
415 1310 561 1388 tempore
579 1312 771 1389 opportuno,
790 1305 826 1370 in
847 1303 1030 1384 afflictione,
1062 1305 1149 1370 Paul.
1165 1303 1208 1369 ix.
1224 1310 1257 1371 9.

198 1430 383 1496 Recordare
404 1432 551 1496 omnium
572 1432 608 1496 in
630 1440 774 1497 extrema
794 1433 995 1513 necessitate,

286 1566 407 1643 tuoque
429 1561 549 1625 auxilio
572 1560 801 1644 indigentium.

244 1791 274 1854 0
297 1790 387 1854 Deus
411 1789 529 1878 gratiae·
545 1796 579 1853 et
601 1787 768 1868 Veritatis,
813 1790 866 1855 Jo.
889 1789 986 1857 i.14.

204 1919 324 1983 Stabili
342 1939 455 1982 omnes
469 1918 505 1981 in
518 1917 653 1982 veritate
667 1925 701 1983 et
715 1918 819 2002 gratia
833 1926 975 1998 stantes;
1005 1925 1021 1985 1
1043 1921 1146 1985 Thess.
1162 1920 1207 1985 iii.
1224 1924 1255 1984 2.

289 2048 310 2109 2
334 2047 408 2111 Pet.
434 2042 455 2107 i.
483 2046 537 2107 12.

244 2172 392 2238 Restitue
401 2194 514 2237 omnes
524 2171 638 2236 haeresi
647 2173 697 2237 vel
706 2179 837 2257 peccato
846 2181 1047 2260 aegrotantes.
1062 2174 1204 2239 Galatvi
1229 2179 1256 2238 l.

374 2396 404 2458 0
429 2396 597 2460 Protector
620 2394 842 2459 Salvationum

419 2523 542 2589 Christi
565 2523 624 2601 tui,
669 2524 758 2586 Paul.
781 2522 886 2584 xxviii.
910 2527 942 2588 9.

333 2651 463 2716 Memor
486 2658 557 2715 esto
579 2649 846 2734 Congregationis
868 2657 943 2728 tuae,

291 2779 397 2846 Quam
419 2777 613 2862 acquisivisti
636 2786 669 2842 et
691 2777 858 2843 redemisti

461 2905 501 2970 ab
523 2905 627 2970 initio.
678 2906 781 2990 [Psol.
803 2906 900 2972 lxxiv.
924 2907 972 2991 2.]

290 3035 320 3098 Ο
342 3035 400 3098 fiat
422 3030 623 3098 credentium
645 3054 701 3099 cor
722 3056 835 3114 unum,

333 3168 366 3225 et
389 3161 498 3225 anima
518 3183 593 3225 una.
638 3163 711 3226 Act.
735 3162 776 3225 iv.
799 3163 852 3226 32.

204 3389 235 3452 O
258 3385 314 3471 qui
336 3384 483 3450 ambulas
505 3385 540 3449 in
562 3385 670 3451 medio

289 3513 552 3579 candelabrorum
578 3534 756 3593 aureorum,
782 3515 857 3578 Rev.
880 3513 912 3580 ii.
944 3518 969 3578 1.

246 3641 301 3704 Ne
323 3662 469 3705 amoveas
491 3642 728 3706 Candelabrum
751 3641 812 3706 hoc
833 3649 981 3706 nostrum

289 3767 400 3832 eloco
420 3767 532 3852 ipsius.
583 3768 683 3852 [Ibid.
707 3768 753 3851 5.]

290 3895 422 3979 Corrige
445 3917 516 3980 quae
538 3894 667 3973 desunt,
715 3897 777 3960 Tit.
800 3894 822 3959 i.
846 3900 876 3959 5.

247 4025 410 4087 Confirma
424 4031 547 4102 caetera,

334 4174 404 4236 quac
426 4151 608 4238 abjecturus
630 4174 707 4225 eras,

334 4302 404 4362 quae
426 4278 581 4344 moritura
602 4288 704 4345 crant.
751 4282 827 4346 Rev.
849 4282 893 4344 iii.
918 4287 949 4346 2.
