2910 5002
245 427 307 493 172
471 424 477 434 '
526 425 663 488 ETXAI
690 424 1028 488 ΚΑΘΗΜΕΡΙΝΑΙ.

247 593 356 681 Κῦριε,
380 592 436 658 ἐάν
458 591 563 676 θέλῃς,
586 589 722 656 δύνασαί
741 617 783 674 με
805 591 988 679 καθαρίσαι,

248 719 356 807 Κύριε,
378 717 473 804 μόνον
494 716 565 784 εἰπὲ
585 716 684 803 λθγῳ,
707 716 761 783 καὶ
783 715 969 800 ἰαθήσομαι.

249 849 351 937 Κῦριε
374 849 492 913 σῶσον.

248 975 300 1042 Οῦ
320 974 414 1058 μέλει
436 998 492 1039 σοι
514 973 567 1037 ὅτι
589 970 808 1054 ἀπολλύμεθα
820 1000 829 1050 ;

227 1068 335 1169 Ἐἰπέ
356 1128 420 1186 μοι,
443 1102 581 1188 Θάρσει,
603 1098 767 1186 ἀφέωνταί
787 1125 840 1164 σοι
863 1097 898 1163 αἱ
918 1098 1072 1186 ἁμαρτίαι
1096 1120 1165 1162 σον.

250 1231 371 1310 Ἰησοῦ,
392 1228 589 1303 Ἐπιστάτα,
613 1227 748 1309 ἐλέησόν
768 1252 818 1309 με.

249 1357 293 1423 ‘O
317 1356 382 1426 υἱός
403 1355 513 1434 Δαβιδ
534 1355 653 1436 Ἰησοῦ,
677 1356 812 1436 ἐλέησόν
833 1382 883 1438 με,

469 1482 578 1562 Ἰησοῦ
600 1483 648 1548 υἱὲ
670 1483 791 1561 Δαβὶδ,

562 1609 609 1674 υἱὲ
631 1608 753 1689 Δαβίῦ.

260 1738 368 1825 Κύριε,
392 1737 463 1803 εἰπέ
483 1763 550 1819 μοι,
572 1737 737 1825 Ἐφφαθά.

261 1865 370 1954 Κύριε,
393 1865 563 1953 ἄνθρωπον
584 1865 642 1932 οῦκ
663 1865 738 1954 ἔχω.

264 1991 371 2080 Κῦριε,
393 1991 465 2058 εθπέ
486 2017 550 2074 μοι,
572 1991 797 2058 Ἀπολέλυσαι
819 1996 875 2075 τῆς
896 1992 1064 2064 ἀσθενείας
1086 2013 1156 2058 σον.

264 2119 348 2186 Εἰπὲ
370 2123 411 2206 τῇ
433 2120 531 2209 ψυχῇ
553 2146 624 2203 μον,
647 2120 795 2207 Empta
817 2147 879 2185 σου
900 2121 972 2203 εἠά.

266 2248 349 2317 Εἰπέ
369 2274 434 2332 μοι,
457 2247 570 2337 Ἀρκεῖ
589 2273 645 2314 σοι
665 2247 686 2330 ή
709 2247 806 2336 χάρις
827 2275 899 2331 μον.

192 2464 198 2475 „
256 2368 344 2448 Ἕως
364 2376 457 2456 πότε,
482 2373 592 2463 Κῦριε,
614 2374 799 2463 ὀργισθήση
821 2375 866 2447 εἰς
888 2377 998 2452 τέλος,

311 2502 548 2585 ἐκκαυθήσεται
570 2501 611 2574 ὡς
632 2506 699 2590 πῦρ
721 2503 739 2570 ὁ
763 2503 858 2586 ζήλάς
880 2529 960 2582 σονῑ

179 2685 183 2691 .
268 2626 327 2709 Μὴ
349 2628 495 2714 μνησθῇς
516 2627 657 2711 άνομιιῦν
677 2629 769 2712 ήμιῦν
790 2629 942 2718 ἀρχαίων·

311 2755 396 2843 ταχῦ
416 2756 762 2842 προκαταλαβέτωσαν
782 2755 867 2839 ήμᾶς

402 2882 434 2950 οἱ
453 2883 614 2970 οἰκτιρμοί
633 2910 702 2959 σου,
728 2884 837 2971 Κύριε,

358 3011 408 3076 ὅτι
431 3011 682 3100 ἔστωχεῦσαμεν
692 3025 693 3028 ’
705 3011 842 3100 σφόδρα.

274 3135 442 3220 Βοήθησον
462 3140 548 3224 ἡμῖν,
572 3141 589 3206 ὁ
611 3142 704 3220 Θεὸς,
727 3140 744 3207 ὁ
767 3141 881 3228 Σωτήρ
903 3142 1002 3224 ήμῶν,

360 3267 465 3334 ἕνεκεν
486 3272 542 3351 τῆς
564 3267 656 3352 δόξης
678 3272 734 3336 τοῦ
757 3269 907 3353 ὀνόματός
931 3298 990 3336 σου

449 3396 558 3484 Κύριε,
580 3399 678 3485 ῥῦσαι
698 3398 792 3482 ἡμᾶς,

319 3523 373 3588 καὶ
396 3522 552 3603 ἱλάσθητι
576 3530 644 3596 ταῖς
666 3526 838 3613 ἁμαρτίαις
860 3526 958 3608 ήμῶν,

451 3650 557 3717 ἕνεκεν
578 3655 634 3716 τοῦ
657 3650 810 3736 ὀνόματός
832 3680 901 3718 σον.

536 3776 714 3861 ήττήματα,
904 3777 1119 3864 ὀφειλήματα,

537 3905 751 3994 ὑστερήματα,
904 3905 1130 3993 ἁμαρτήματα,

281 4026 398 4100 Πάντα
419 4032 462 4098 τὰ
538 4032 755 4117 ὀλισθήματα·
908 4034 1189 4118 πλημμελήματα,

540 4161 744 4247 πταίσματα,
911 4162 1109 4248 άιγνοήματα,

521 4291 797 4383 παραπτώματα,
908 4291 1109 4375 ἀνομήματα,
