2910 5002
462 462 630 529 PRECES
655 456 978 527 QUOTIDIANAE.
1183 456 1245 520 11⁷

236 639 432 722 reciprocam
453 635 489 698 in
512 631 765 697 sanctificatione
786 627 1076 713 participationem,

280 767 321 832 ud
343 766 493 831 fiduciam
515 761 714 826 remissionis
735 765 952 843 peccatorum,

238 955 279 1018 ad
301 977 316 1018 s
339 975 391 1019 em
409 888 714 1082 {Resurrectionis

317 977 337 1038 p
609 1017 615 1029 ,
643 977 672 1029 “,
726 905 819 1081 }od
840 946 941 1010 vitam
956 914 1129 1010 &temam

457 1017 691 1082 'I‘runslstronrs

197 1273 267 1356 Ego
290 1280 399 1336 autem
422 1272 546 1355 speravi
568 1271 604 1334 in
627 1270 848 1336 misericordie
867 1279 926 1335 tue

240 1401 275 1462 in
298 1406 454 1463 aeternum
477 1406 510 1462 et
532 1399 567 1461 in
589 1399 741 1462 soeculum
765 1399 881 1462 saeculi.
932 1399 1034 1482 [Psal.
1059 1398 1104 1462 lii.
1128 1399 1174 1482 9.]

200 1527 479 1594 Quemadmodum
502 1527 727 1610 multiplicasti
754 1525 1004 1591 misericordium
1031 1532 1133 1604 tuem,

328 1657 441 1719 Deus?
487 1657 542 1718 Ps.
565 1655 667 1720 xxxvi.
694 1659 724 1720 7.

201 1785 236 1847 Si
251 1785 331 1848 mihi
346 1805 418 1868 spes
439 1791 499 1862 est,
513 1785 550 1848 in
570 1783 788 1848 misericordia
807 1790 865 1847 tua
886 1790 955 1848 est:
1003 1784 1105 1867 [Ρωί.
1121 1781 1187 1846 xiii.
1205 1782 1250 1866 5.]

242 1906 320 1977 Non
342 1934 394 1976 me
416 1913 594 1977 confundas
615 1913 656 1977 sb
678 1913 816 1997 hacope
838 1934 920 1977 mea.
958 1914 1046 1977 Prot.
1071 1912 1152 1976 cxix.
1177 1912 1250 1977 116.

331 2171 479 2232 AMPLIUS
500 2177 533 2232 te
556 2189 718 2252 rogemus,

201 2297 379 2374 Memento,
403 2297 552 2375 Domine,
575 2297 721 2361 omnium
742 2297 778 2361 in
799 2299 932 2378 bonum,

246 2425 401 2488 Miserere
423 2424 582 2497 omnibus,
607 2425 757 2505 Domine,

246 2552 405 2617 Omnibus
428 2553 522 2617 nobis
543 2554 761 2622 reconciliare.

204 2683 340 2746 Pacifico
361 2681 606 2747 multitudinem
628 2684 738 2768 populi
759 2685 820 2762 tui,

290 2809 421 2894 Dissipu
443 2810 601 2890 scandula,
701 2813 704 2819 ’

292 2937 458 3020 Compone
479 2937 576 3016 belle,

207 3055 389 3148 Comprime
410 3065 581 3129 haeresium
603 3067 865 3148 insurrectiones,

249 3192 353 3255 Tuum
375 3213 488 3276 pacem
511 3200 544 3257 et
566 3193 772 3260 dilectionem

207 3319 355 3384 Concede
376 3319 481 3394 nobis,
503 3323 602 3402 Dens,
628 3325 919 3406 Servator'noster,

248 3448 293 3511 nt
314 3469 387 3532 spes
408 3448 556 3514 omnium
577 3451 693 3516 finium
716 3459 819 3519 terrre.
866 3456 954 3520 Pscl.
978 3456 1041 3521 lxv.
1065 3459 1095 3521 5.

208 3577 378 3641 Memento
401 3598 527 3644 coronae
549 3583 627 3645 anni

251 3704 406 3771 bonitatis
427 3714 501 3771 tuae.
553 3709 659 3792 [Vere.
684 3711 752 3794 12.]

210 3833 304 3896 Oculi
326 3833 414 3897 enim
436 3835 581 3898 omniurn
603 3837 639 3899 in
661 3843 694 3900 te
717 3846 857 3920 sperent,

253 3968 286 4024 et
308 3969 346 4025 tu
368 3961 425 4027 das
447 3963 511 4027 illis
533 3985 638 4029 eseam
661 3966 696 4029 in
717 3975 862 4050 tempore
884 3975 1076 4054 opportuno.

210 4088 325 4172 Aperis
347 4095 385 4151 tu
406 4111 540 4154 manum
562 4098 663 4169 tuem,

253 4224 286 4280 et
297 4217 410 4300 imples
421 4239 516 4283 omne
528 4219 878 4288 animslbenodictione
889 4233 955 4290 tus
972 4229 1028 4293 Pe.
1040 4230 1119 4294 cxlv.
1130 4233 1180 4312 15,
1196 4236 1277 4321 [lc]
