2910 5002
202 430 270 493 384
461 427 643 520 'Peuces
672 426 990 494 ouculoluuu.

75 644 82 657 ·
202 603 225 667 i.
240 621 267 665 e.
291 600 398 684 Opera
434 600 504 664 'l'uu
538 620 605 663 non
642 599 785 683 attingit,
816 599 890 684 plus
920 598 1020 666 hebet
1049 600 1205 679 silentii3
1250 606 1288 663 et

284 725 417 790 uidetur
438 725 609 809 procedere
631 747 670 790 ex
692 746 747 791 ore
768 725 970 791 lactentium.
1015 706 1106 793 Prul.
1131 727 1207 793 viii.
1234 730 1274 792 2.

202 857 281 920 Bur.
297 855 338 920 iv.
361 856 414 919 28.
451 852 588 941 Ὥσπερ
609 851 735 936 ἐγένετο
749 852 769 936 ἡ
785 852 911 921 διάνοια
925 853 1071 938 durioris
1086 854 1125 922 τὸ
1140 862 1286 934 πλανη-

289 982 385 1064 θῆναι
413 979 480 1047 dud
517 983 573 1047 τοῦ
603 982 697 1062 Θεοῦ,
729 979 976 1049 causamme
1004 980 1284 1073 ἔπιστραφέπες

291 1111 427 1191 (pricos
447 1106 552 1173 αὐτόν.

204 1239 253 1303 Ut
270 1244 366 1303 untes
386 1238 422 1302 in
442 1237 591 1322 peccetis,
607 1237 653 1302 sic
670 1239 739 1322 jum
760 1237 797 1301 in
817 1237 911 1303 bonis
931 1238 1081 1322 operibus
1103 1247 1138 1305 et
1159 1238 1279 1304 laudi-

288 1367 350 1432 bus
372 1367 436 1433 Dei
458 1367 666 1432 abundemus

203 1490 314 1559 Ἀλλὰ
336 1493 386 1564 τίς
408 1492 474 1577 εἰμι
496 1492 570 1576 ἐγώ,
595 1493 797 1581 Κύριε-διο.

409 1742 518 1805 Oratio
534 1742 769 1823 praepurutmiu
791 1748 864 1806 aute
886 1737 1056 1824 Εὐλογίαν.

204 1880 268 1943 Fac
300 1899 365 1957 me,
398 1878 546 1950 Domine,
577 1877 778 1961 poenitentiae
808 1898 900 1958 meae,
930 1877 1144 1964 laudibusque
1183 1880 1273 1944 'I'uis

289 2028 411 2088 vocare,
435 2008 593 2094 Χωρῆσαι
614 2004 658 2076 εἷς
678 2004 850 2088 μετάνοιαν
871 2005 926 2071 καὶ
947 2004 1101 2090 εὐλογίας.

203 2134 353 2214 Domine,
386 2134 472 2200 labis
502 2156 575 2199 mes
611 2135 743 2218 operies,
775 2141 809 2199 et
839 2156 876 2199 os
909 2155 1018 2199 meum
1052 2134 1270 2202 annuntiabit

288 2260 418 2326 laudem
440 2261 553 2325 Tuum.

203 2389 269 2455 Sed
290 2397 477 2474 peccantem
497 2410 559 2468 me,
583 2388 734 2468 Domine,
757 2395 790 2452 et
811 2409 941 2473 prorsus
963 2390 1133 2476 indignum
1154 2392 1268 2476 magis

287 2516 416 2580 deceret
438 2538 545 2581 coram
567 2517 613 2580 Te
638 2517 747 2601 jacere
776 2523 982 2601 prostratum,
1005 2539 1044 2583 sc
1072 2539 1147 2583 cum
1177 2519 1266 2585 fletu

287 2663 326 2707 sc
354 2643 479 2726 gemitu
507 2649 711 2727 peccatorum
740 2642 867 2706 venium
897 2644 1069 2726 postulare,
1092 2666 1191 2728 quum
1214 2645 1265 2709 'Pe

287 2789 344 2832 ore
365 2768 488 2852 polluto
510 2769 648 2832 laudare

245 2897 368 2961 Verum
390 2897 430 2961 de
452 2895 598 2981 ingenita
619 2897 689 2960 'Puu
710 2894 856 2960 bonitate
878 2896 1004 2961 confido
1015 2924 1025 2975 3

288 3024 318 3088 0
341 3024 465 3108 suscipe
487 3023 597 3088 laudes
619 3043 697 3106 quus
720 3021 891 3086 decantare
913 3022 1069 3102 desidero,

331 3152 490 3236 Indignus
511 3159 669 3236 peccator,

374 3281 470 3345 Certe
491 3280 655 3364 indignus,

243 3408 310 3472 Sed
331 3408 457 3472 utinum
480 3408 613 3473 devotus
635 3413 668 3471 et
691 3406 764 3471 Tibi
787 3414 909 3488 gratus.

213 3655 341 3719 Muuitu
368 3662 399 3719 et
422 3655 647 3719 Meditutiones
662 3655 903 3736 preparatum
925 3655 959 3717 iu
989 3653 1172 3735 Verpertiuu
1198 3653 1245 3715 ud

510 3785 610 3847 Deum
632 3783 800 3848 elevatione
822 3782 943 3845 mentis.

229 3920 272 3985 Iu
293 3919 379 3985 bello
407 3917 705 4111 {iuxeuevmudc
729 3919 770 3983 sd
792 3917 953 4002 egendum
975 3915 1245 3981 accommodatus.

207 4054 321 4113 cantus
343 4055 392 4111 est
453 4044 677 4125 ἀνακλητικὸς,
700 4068 764 4130 quo
785 4048 930 4129 palantes
952 4051 1150 4110 revocentur.

198 4172 255 4240 Sic
276 4195 369 4238 mens
390 4160 534 4237 huruuua
556 4182 593 4238 ut
615 4196 710 4238 mune
732 4173 910 4253 excitanda,
933 4174 981 4238 its
1002 4173 1043 4238 ud
1064 4193 1232 4257 vesperum

242 4301 332 4385 quusi
354 4300 529 4366 unucietico
551 4300 593 4364 ud
615 4321 649 4364 se
671 4300 848 4384 ducemque
871 4323 965 4366 suum
987 4299 1175 4379 revocanda,
