<?xml version="1.0" encoding="UTF-8"?>
<!DOCTYPE html PUBLIC "-//W3C//DTD XHTML 1.0 Transitional//EN"
    "http://www.w3.org/TR/xhtml1/DTD/xhtml1-transitional.dtd">
<html xmlns="http://www.w3.org/1999/xhtml" xml:lang="en" lang="en">
 <head>
  <title>
</title>
<meta http-equiv="Content-Type" content="text/html;charset=utf-8" />
  <meta name='ocr-system' content='tesseract 3.04.00' />
  <meta name='ocr-capabilities' content='ocr_page ocr_carea ocr_par ocr_line ocrx_word'/>
</head>
<body>
  <div class='ocr_page' id='page_1' title='image "./precesprivataeq00andrgoog_0461.png"; bbox 0 0 2910 5002; ppageno 0'>
   <div class='ocr_carea' id='block_1_1' title="bbox 268 424 1060 494">
    <p class='ocr_par' dir='ltr' id='par_1_1' title="bbox 268 424 1060 494">
     <span class='ocr_line' id='line_1_1' title="bbox 268 424 1060 494; baseline -0.006 -1"><span class='ocrx_word' id='word_1_1' title='bbox 268 429 333 493; x_wconf 74' lang='lat'><strong>418</strong></span> <span class='ocrx_word' id='word_1_2' title='bbox 548 428 718 494; x_wconf 73' lang='lat' dir='ltr'><strong>Peneus</strong></span> <span class='ocrx_word' id='word_1_3' title='bbox 743 424 1060 494; x_wconf 78' lang='lat' dir='ltr'><strong>QUOTIDIANAE.</strong></span> 
     </span>
    </p>
   </div>
   <div class='ocr_carea' id='block_1_2' title="bbox 273 601 1173 1327">
    <p class='ocr_par' dir='ltr' id='par_1_2' title="bbox 273 601 1173 1327">
     <span class='ocr_line' id='line_1_2' title="bbox 409 601 635 710; baseline 0 -46"><span class='ocrx_word' id='word_1_4' title='bbox 409 704 413 709; x_wconf 27' lang='grc' dir='ltr'>Ι</span> <span class='ocrx_word' id='word_1_5' title='bbox 462 621 477 710; x_wconf 64' lang='lat' dir='ltr'><strong>p</strong></span> <span class='ocrx_word' id='word_1_6' title='bbox 495 601 635 678; x_wconf 91' lang='lat' dir='ltr'><strong>Patiens,</strong></span> 
     </span>
     <span class='ocr_line' id='line_1_3' title="bbox 495 730 713 814; baseline -0.018 -18"><span class='ocrx_word' id='word_1_7' title='bbox 495 730 713 814; x_wconf 85' lang='lat' dir='ltr'><strong>Longanimis,</strong></span> 
     </span>
     <span class='ocr_line' id='line_1_4' title="bbox 495 857 794 933; baseline -0.013 -9"><span class='ocrx_word' id='word_1_8' title='bbox 495 859 618 924; x_wconf 77' lang='lat' dir='ltr'><strong>Tardus</strong></span> <span class='ocrx_word' id='word_1_9' title='bbox 638 858 682 922; x_wconf 88' lang='lat' dir='ltr'><strong>ad</strong></span> <span class='ocrx_word' id='word_1_10' title='bbox 703 857 794 933; x_wconf 81' lang='lat' dir='ltr'><strong>irenr,</strong></span> 
     </span>
     <span class='ocr_line' id='line_1_5' title="bbox 495 986 820 1064; baseline -0.012 -12"><span class='ocrx_word' id='word_1_11' title='bbox 495 988 563 1053; x_wconf 91' lang='lat' dir='ltr'><strong>Diu</strong></span> <span class='ocrx_word' id='word_1_12' title='bbox 584 1009 618 1052; x_wconf 90' lang='lat' dir='ltr'><strong>se</strong></span> <span class='ocrx_word' id='word_1_13' title='bbox 640 986 820 1064; x_wconf 89' lang='lat' dir='ltr'><strong>continens,</strong></span> 
     </span>
     <span class='ocr_line' id='line_1_6' title="bbox 273 1113 1173 1200; baseline -0.006 -18"><span class='ocrx_word' id='word_1_14' title='bbox 273 1119 349 1200; x_wconf 83' lang='lat' dir='ltr'><strong>Sap.</strong></span> <span class='ocrx_word' id='word_1_15' title='bbox 372 1117 415 1183; x_wconf 88' lang='lat' dir='ltr'><strong>xi.</strong></span> <span class='ocrx_word' id='word_1_16' title='bbox 439 1120 491 1182; x_wconf 80' lang='lat'><strong>23.</strong></span> <span class='ocrx_word' id='word_1_17' title='bbox 617 1115 833 1180; x_wconf 88' lang='lat' dir='ltr'><strong>Dissimulans</strong></span> <span class='ocrx_word' id='word_1_18' title='bbox 854 1121 984 1198; x_wconf 89' lang='lat' dir='ltr'><strong>peccata</strong></span> <span class='ocrx_word' id='word_1_19' title='bbox 1004 1113 1173 1179; x_wconf 89' lang='lat' dir='ltr'><strong>hominum</strong></span> 
     </span>
     <span class='ocr_line' id='line_1_7' title="bbox 657 1241 1042 1327; baseline -0.005 -21"><span class='ocrx_word' id='word_1_20' title='bbox 657 1248 788 1327; x_wconf 91' lang='lat' dir='ltr'><strong>propter</strong></span> <span class='ocrx_word' id='word_1_21' title='bbox 809 1241 1042 1325; x_wconf 85' lang='lat' dir='ltr'><strong>poenitentiam.</strong></span> 
     </span>
    </p>
   </div>
   <div class='ocr_carea' id='block_1_3' title="bbox 150 1367 1253 1455">
    <p class='ocr_par' dir='ltr' id='par_1_3' title="bbox 150 1367 1253 1455">
     <span class='ocr_line' id='line_1_8' title="bbox 150 1367 1253 1455; baseline -0.005 -21"><span class='ocrx_word' id='word_1_22' title='bbox 150 1407 153 1416; x_wconf 93' lang='lat'>·</span> <span class='ocrx_word' id='word_1_23' title='bbox 272 1372 360 1436; x_wconf 85' lang='lat' dir='ltr'><strong>Psel.</strong></span> <span class='ocrx_word' id='word_1_24' title='bbox 381 1371 465 1455; x_wconf 86' lang='lat' dir='ltr'><strong>[xcv.</strong></span> <span class='ocrx_word' id='word_1_25' title='bbox 483 1369 549 1455; x_wconf 93' lang='lat'><strong>10.]</strong></span> <span class='ocrx_word' id='word_1_26' title='bbox 618 1368 786 1434; x_wconf 87' lang='lat' dir='ltr'><strong>Perferens</strong></span> <span class='ocrx_word' id='word_1_27' title='bbox 809 1367 1022 1452; x_wconf 85' lang='lat' dir='ltr'><strong>quadraginta</strong></span> <span class='ocrx_word' id='word_1_28' title='bbox 1042 1374 1128 1432; x_wconf 88' lang='lat' dir='ltr'><strong>totos</strong></span> <span class='ocrx_word' id='word_1_29' title='bbox 1150 1385 1253 1430; x_wconf 90' lang='lat' dir='ltr'><strong>annos</strong></span> 
     </span>
    </p>
   </div>
   <div class='ocr_carea' id='block_1_4' title="bbox 275 1490 1328 2469">
    <p class='ocr_par' dir='ltr' id='par_1_4' title="bbox 275 1490 1328 2469">
     <span class='ocr_line' id='line_1_9' title="bbox 394 1490 1327 1581; baseline -0.006 -20"><span class='ocrx_word' id='word_1_30' title='bbox 394 1497 511 1562; x_wconf 80' lang='lat' dir='ltr'><strong>lxxviii.</strong></span> <span class='ocrx_word' id='word_1_31' title='bbox 528 1498 580 1561; x_wconf 86' lang='lat'><strong>38.</strong></span> <span class='ocrx_word' id='word_1_32' title='bbox 618 1497 695 1581; x_wconf 91' lang='lat' dir='ltr'><strong>Ipse</strong></span> <span class='ocrx_word' id='word_1_33' title='bbox 710 1503 818 1561; x_wconf 84' lang='lat' dir='ltr'><strong>autem</strong></span> <span class='ocrx_word' id='word_1_34' title='bbox 833 1504 902 1560; x_wconf 88' lang='lat' dir='ltr'><strong>erat</strong></span> <span class='ocrx_word' id='word_1_35' title='bbox 915 1495 1106 1574; x_wconf 83' lang='lat' dir='ltr'><strong>misericors,</strong></span> <span class='ocrx_word' id='word_1_36' title='bbox 1121 1501 1155 1559; x_wconf 89' lang='lat' dir='ltr'><strong>et</strong></span> <span class='ocrx_word' id='word_1_37' title='bbox 1168 1490 1327 1578; x_wconf 87' lang='lat' dir='ltr'><strong>propitius</strong></span> 
     </span>
     <span class='ocr_line' id='line_1_10' title="bbox 576 1621 1275 1707; baseline -0.006 -20"><span class='ocrx_word' id='word_1_38' title='bbox 576 1630 656 1702; x_wconf 86' lang='lat' dir='ltr'><strong>erat,</strong></span> <span class='ocrx_word' id='word_1_39' title='bbox 679 1623 744 1688; x_wconf 87' lang='lat' dir='ltr'><strong>cito</strong></span> <span class='ocrx_word' id='word_1_40' title='bbox 765 1630 908 1707; x_wconf 84' lang='lat' dir='ltr'><strong>pacatus,</strong></span> <span class='ocrx_word' id='word_1_41' title='bbox 928 1644 971 1687; x_wconf 91' lang='lat' dir='ltr'><strong>ne</strong></span> <span class='ocrx_word' id='word_1_42' title='bbox 993 1621 1190 1706; x_wconf 76' lang='lat' dir='ltr'><strong>disperderet</strong></span> <span class='ocrx_word' id='word_1_43' title='bbox 1210 1640 1275 1684; x_wconf 92' lang='lat' dir='ltr'><strong>eos.</strong></span> 
     </span>
     <span class='ocr_line' id='line_1_11' title="bbox 619 1747 1328 1836; baseline -0.008 -20"><span class='ocrx_word' id='word_1_44' title='bbox 619 1752 726 1818; x_wconf 81' lang='lat' dir='ltr'><strong>Quam</strong></span> <span class='ocrx_word' id='word_1_45' title='bbox 742 1772 961 1836; x_wconf 75' lang='lat' dir='ltr'><strong>saepenumero</strong></span> <span class='ocrx_word' id='word_1_46' title='bbox 975 1750 1102 1836; x_wconf 87' lang='lat' dir='ltr'><strong>adjecit,</strong></span> <span class='ocrx_word' id='word_1_47' title='bbox 1111 1756 1150 1813; x_wconf 92' lang='lat' dir='ltr'><strong>ut</strong></span> <span class='ocrx_word' id='word_1_48' title='bbox 1163 1747 1328 1812; x_wconf 88' lang='lat' dir='ltr'><strong>inhiberet</strong></span> 
     </span>
     <span class='ocr_line' id='line_1_12' title="bbox 574 1874 1326 1963; baseline -0.008 -20"><span class='ocrx_word' id='word_1_49' title='bbox 574 1879 665 1958; x_wconf 92' lang='lat' dir='ltr'><strong>iram,</strong></span> <span class='ocrx_word' id='word_1_50' title='bbox 695 1899 756 1943; x_wconf 91' lang='lat' dir='ltr'><strong>nec</strong></span> <span class='ocrx_word' id='word_1_51' title='bbox 792 1900 903 1963; x_wconf 87' lang='lat' dir='ltr'><strong>passus</strong></span> <span class='ocrx_word' id='word_1_52' title='bbox 938 1884 986 1942; x_wconf 89' lang='lat' dir='ltr'><strong>est</strong></span> <span class='ocrx_word' id='word_1_53' title='bbox 1016 1897 1147 1941; x_wconf 90' lang='lat' dir='ltr'><strong>omnem</strong></span> <span class='ocrx_word' id='word_1_54' title='bbox 1175 1874 1326 1957; x_wconf 83' lang='lat' dir='ltr'><strong>indigna·</strong></span> 
     </span>
     <span class='ocr_line' id='line_1_13' title="bbox 574 2005 979 2071; baseline -0.002 -1"><span class='ocrx_word' id='word_1_55' title='bbox 574 2006 698 2070; x_wconf 90' lang='lat' dir='ltr'><strong>tionem</strong></span> <span class='ocrx_word' id='word_1_56' title='bbox 720 2027 811 2070; x_wconf 89' lang='lat' dir='ltr'><strong>suem</strong></span> <span class='ocrx_word' id='word_1_57' title='bbox 838 2005 979 2071; x_wconf 79' lang='lat' dir='ltr'><strong>accendi.</strong></span> 
     </span>
     <span class='ocr_line' id='line_1_14' title="bbox 275 2130 1015 2218; baseline 0 -23"><span class='ocrx_word' id='word_1_58' title='bbox 275 2130 364 2216; x_wconf 83' lang='lat' dir='ltr'><strong>[Luc.</strong></span> <span class='ocrx_word' id='word_1_59' title='bbox 389 2131 450 2195; x_wconf 90' lang='lat' dir='ltr'><strong>xix.</strong></span> <span class='ocrx_word' id='word_1_60' title='bbox 474 2132 542 2218; x_wconf 67' lang='lat'><strong>42]</strong></span> <span class='ocrx_word' id='word_1_61' title='bbox 616 2132 696 2196; x_wconf 91' lang='lat' dir='ltr'><strong>Osi</strong></span> <span class='ocrx_word' id='word_1_62' title='bbox 718 2153 890 2215; x_wconf 84' lang='lat' dir='ltr'><strong>cognoscas</strong></span> <span class='ocrx_word' id='word_1_63' title='bbox 912 2139 945 2196; x_wconf 91' lang='lat' dir='ltr'><strong>et</strong></span> <span class='ocrx_word' id='word_1_64' title='bbox 967 2139 1015 2195; x_wconf 91' lang='lat' dir='ltr'><strong>tu.</strong></span> 
     </span>
     <span class='ocr_line' id='line_1_15' title="bbox 275 2257 1090 2343; baseline -0.001 -21"><span class='ocrx_word' id='word_1_65' title='bbox 275 2259 402 2343; x_wconf 70' lang='lat' dir='ltr'><strong>[ibren.</strong></span> <span class='ocrx_word' id='word_1_66' title='bbox 425 2258 471 2323; x_wconf 91' lang='lat' dir='ltr'><strong>iii.</strong></span> <span class='ocrx_word' id='word_1_67' title='bbox 494 2259 563 2343; x_wconf 60' lang='lat'><strong>22]</strong></span> <span class='ocrx_word' id='word_1_68' title='bbox 623 2260 703 2325; x_wconf 83' lang='lat' dir='ltr'><strong>Haec</strong></span> <span class='ocrx_word' id='word_1_69' title='bbox 725 2267 775 2324; x_wconf 89' lang='lat' dir='ltr'><strong>est</strong></span> <span class='ocrx_word' id='word_1_70' title='bbox 796 2260 852 2324; x_wconf 91' lang='lat' dir='ltr'><strong>illa</strong></span> <span class='ocrx_word' id='word_1_71' title='bbox 873 2257 1090 2324; x_wconf 80' lang='lat' dir='ltr'><strong>misericordie</strong></span> 
     </span>
     <span class='ocr_line' id='line_1_16' title="bbox 620 2385 1263 2469; baseline -0.003 -20"><span class='ocrx_word' id='word_1_72' title='bbox 620 2386 692 2463; x_wconf 91' lang='lat' dir='ltr'><strong>Dei,</strong></span> <span class='ocrx_word' id='word_1_73' title='bbox 715 2386 800 2469; x_wconf 92' lang='lat' dir='ltr'><strong>quod</strong></span> <span class='ocrx_word' id='word_1_74' title='bbox 822 2408 889 2450; x_wconf 91' lang='lat' dir='ltr'><strong>non</strong></span> <span class='ocrx_word' id='word_1_75' title='bbox 911 2407 1023 2451; x_wconf 88' lang='lat' dir='ltr'><strong>omnes</strong></span> <span class='ocrx_word' id='word_1_76' title='bbox 1046 2385 1263 2450; x_wconf 77' lang='lat' dir='ltr'><strong>absumamur.</strong></span> 
     </span>
    </p>
   </div>
   <div class='ocr_carea' id='block_1_5' title="bbox 273 2637 1331 3996">
    <p class='ocr_par' dir='ltr' id='par_1_5' title="bbox 273 2637 1331 3996">
     <span class='ocr_line' id='line_1_17' title="bbox 273 2637 815 2724; baseline 0.007 -23"><span class='ocrx_word' id='word_1_77' title='bbox 273 2640 303 2701; x_wconf 83' lang='lat'><strong>2.</strong></span> <span class='ocrx_word' id='word_1_78' title='bbox 328 2638 427 2703; x_wconf 83' lang='lat' dir='ltr'><strong>Lenis</strong></span> <span class='ocrx_word' id='word_1_79' title='bbox 448 2638 483 2702; x_wconf 91' lang='lat' dir='ltr'><strong>in</strong></span> <span class='ocrx_word' id='word_1_80' title='bbox 505 2640 575 2723; x_wconf 90' lang='lat' dir='ltr'><strong>ipse</strong></span> <span class='ocrx_word' id='word_1_81' title='bbox 596 2637 815 2724; x_wconf 85' lang='lat' dir='ltr'><strong>castigatione,</strong></span> 
     </span>
     <span class='ocr_line' id='line_1_18' title="bbox 360 2765 924 2852; baseline 0.004 -22"><span class='ocrx_word' id='word_1_82' title='bbox 360 2765 440 2831; x_wconf 80' lang='lat' dir='ltr'><strong>adeo</strong></span> <span class='ocrx_word' id='word_1_83' title='bbox 460 2774 499 2830; x_wconf 90' lang='lat' dir='ltr'><strong>ut</strong></span> <span class='ocrx_word' id='word_1_84' title='bbox 521 2787 581 2831; x_wconf 92' lang='lat' dir='ltr'><strong>nec</strong></span> <span class='ocrx_word' id='word_1_85' title='bbox 598 2767 757 2851; x_wconf 90' lang='lat' dir='ltr'><strong>judicium</strong></span> <span class='ocrx_word' id='word_1_86' title='bbox 780 2769 860 2852; x_wconf 86' lang='lat' dir='ltr'><strong>Ejus</strong></span> <span class='ocrx_word' id='word_1_87' title='bbox 882 2768 924 2832; x_wconf 89' lang='lat' dir='ltr'><strong>sit</strong></span> 
     </span>
     <span class='ocr_line' id='line_1_19' title="bbox 446 2894 824 2977; baseline 0.011 -20"><span class='ocrx_word' id='word_1_88' title='bbox 446 2895 568 2977; x_wconf 83' lang='lat' dir='ltr'><strong>Expers</strong></span> <span class='ocrx_word' id='word_1_89' title='bbox 590 2894 824 2961; x_wconf 83' lang='lat' dir='ltr'><strong>misericordiae</strong></span> 
     </span>
     <span class='ocr_line' id='line_1_20' title="bbox 333 3020 785 3106; baseline 0.007 -23"><span class='ocrx_word' id='word_1_90' title='bbox 333 3020 434 3084; x_wconf 90' lang='lat' dir='ltr'><strong>Poene</strong></span> <span class='ocrx_word' id='word_1_91' title='bbox 455 3020 681 3085; x_wconf 71' lang='lat' dir='ltr'><strong>misericordiae</strong></span> <span class='ocrx_word' id='word_1_92' title='bbox 701 3043 785 3106; x_wconf 85' lang='lat' dir='ltr'><strong>pars,</strong></span> 
     </span>
     <span class='ocr_line' id='line_1_21' title="bbox 276 3146 1247 3233; baseline -0.001 -25"><span class='ocrx_word' id='word_1_93' title='bbox 276 3147 364 3210; x_wconf 84' lang='lat' dir='ltr'><strong>Pscl.</strong></span> <span class='ocrx_word' id='word_1_94' title='bbox 376 3146 495 3211; x_wconf 88' lang='lat' dir='ltr'><strong>lxxxix.</strong></span> <span class='ocrx_word' id='word_1_95' title='bbox 507 3148 560 3214; x_wconf 82' lang='grc'><strong>32.</strong></span> <span class='ocrx_word' id='word_1_96' title='bbox 577 3148 708 3233; x_wconf 83' lang='lat' dir='ltr'><strong>Castigo</strong></span> <span class='ocrx_word' id='word_1_97' title='bbox 729 3149 766 3212; x_wconf 91' lang='lat' dir='ltr'><strong>in</strong></span> <span class='ocrx_word' id='word_1_98' title='bbox 787 3148 885 3233; x_wconf 82' lang='lat' dir='ltr'><strong>virgis</strong></span> <span class='ocrx_word' id='word_1_99' title='bbox 906 3154 1037 3232; x_wconf 87' lang='lat' dir='ltr'><strong>peccata</strong></span> <span class='ocrx_word' id='word_1_100' title='bbox 1057 3169 1179 3224; x_wconf 88' lang='lat' dir='ltr'><strong>eorum,</strong></span> <span class='ocrx_word' id='word_1_101' title='bbox 1244 3203 1247 3207; x_wconf 87' lang='lat'><strong>.</strong></span> 
     </span>
     <span class='ocr_line' id='line_1_22' title="bbox 577 3274 1329 3359; baseline -0.001 -20"><span class='ocrx_word' id='word_1_102' title='bbox 577 3275 831 3342; x_wconf 82' lang='lat' dir='ltr'><strong>Misericordiam</strong></span> <span class='ocrx_word' id='word_1_103' title='bbox 843 3277 953 3340; x_wconf 91' lang='lat' dir='ltr'><strong>Meem</strong></span> <span class='ocrx_word' id='word_1_104' title='bbox 964 3297 1031 3340; x_wconf 89' lang='lat' dir='ltr'><strong>non</strong></span> <span class='ocrx_word' id='word_1_105' title='bbox 1044 3275 1185 3341; x_wconf 86' lang='lat' dir='ltr'><strong>auferam</strong></span> <span class='ocrx_word' id='word_1_106' title='bbox 1196 3274 1329 3359; x_wconf 87' lang='lat' dir='ltr'><strong>abipso.</strong></span> 
     </span>
     <span class='ocr_line' id='line_1_23' title="bbox 389 3398 1331 3485; baseline 0.002 -23"><span class='ocrx_word' id='word_1_107' title='bbox 389 3398 451 3464; x_wconf 89' lang='lat' dir='ltr'><strong>ciii.</strong></span> <span class='ocrx_word' id='word_1_108' title='bbox 477 3400 527 3465; x_wconf 92' lang='lat'><strong>10.</strong></span> <span class='ocrx_word' id='word_1_109' title='bbox 577 3401 819 3466; x_wconf 89' lang='lat' dir='ltr'><strong>Nesecundom</strong></span> <span class='ocrx_word' id='word_1_110' title='bbox 827 3401 1331 3485; x_wconf 85' lang='lat' dir='ltr'><strong>peccatanostrafietnobis,nec</strong></span> 
     </span>
     <span class='ocr_line' id='line_1_24' title="bbox 521 3528 1329 3613; baseline 0.002 -21"><span class='ocrx_word' id='word_1_111' title='bbox 521 3528 697 3593; x_wconf 86' lang='lat' dir='ltr'><strong>secundum</strong></span> <span class='ocrx_word' id='word_1_112' title='bbox 711 3528 900 3613; x_wconf 79' lang='lat' dir='ltr'><strong>iniquitates</strong></span> <span class='ocrx_word' id='word_1_113' title='bbox 914 3537 1038 3596; x_wconf 85' lang='lat' dir='ltr'><strong>nostras</strong></span> <span class='ocrx_word' id='word_1_114' title='bbox 1052 3531 1209 3596; x_wconf 84' lang='lat' dir='ltr'><strong>retribuet</strong></span> <span class='ocrx_word' id='word_1_115' title='bbox 1223 3529 1329 3595; x_wconf 90' lang='lat' dir='ltr'><strong>nobis.</strong></span> 
     </span>
     <span class='ocr_line' id='line_1_25' title="bbox 578 3656 1120 3742; baseline 0.004 -21"><span class='ocrx_word' id='word_1_116' title='bbox 578 3656 642 3721; x_wconf 92' lang='lat' dir='ltr'><strong>Pro</strong></span> <span class='ocrx_word' id='word_1_117' title='bbox 663 3663 794 3741; x_wconf 89' lang='lat' dir='ltr'><strong>peccato</strong></span> <span class='ocrx_word' id='word_1_118' title='bbox 815 3678 933 3741; x_wconf 86' lang='lat' dir='ltr'><strong>magno</strong></span> <span class='ocrx_word' id='word_1_119' title='bbox 953 3658 1120 3742; x_wconf 90' lang='lat' dir='ltr'><strong>paululum</strong></span> 
     </span>
     <span class='ocr_line' id='line_1_26' title="bbox 622 3783 1052 3869; baseline 0.009 -22"><span class='ocrx_word' id='word_1_120' title='bbox 622 3783 768 3868; x_wconf 87' lang='lat' dir='ltr'><strong>supplicii</strong></span> <span class='ocrx_word' id='word_1_121' title='bbox 790 3784 866 3848; x_wconf 89' lang='lat' dir='ltr'><strong>satis</strong></span> <span class='ocrx_word' id='word_1_122' title='bbox 887 3792 937 3849; x_wconf 91' lang='lat' dir='ltr'><strong>est</strong></span> <span class='ocrx_word' id='word_1_123' title='bbox 958 3785 1052 3869; x_wconf 85' lang='lat' dir='ltr'><strong>patri.</strong></span> 
     </span>
     <span class='ocr_line' id='line_1_27' title="bbox 279 3910 1214 3996; baseline 0.002 -23"><span class='ocrx_word' id='word_1_124' title='bbox 279 3911 356 3974; x_wconf 79' lang='lat' dir='ltr'><strong>Hos.</strong></span> <span class='ocrx_word' id='word_1_125' title='bbox 379 3910 421 3976; x_wconf 90' lang='lat' dir='ltr'><strong>xi.</strong></span> <span class='ocrx_word' id='word_1_126' title='bbox 444 3910 477 3977; x_wconf 89' lang='lat'><strong>8.</strong></span> <span class='ocrx_word' id='word_1_127' title='bbox 585 3911 755 3978; x_wconf 81' lang='lat' dir='ltr'><strong>Quomodo</strong></span> <span class='ocrx_word' id='word_1_128' title='bbox 775 3913 954 3996; x_wconf 88' lang='lat' dir='ltr'><strong>percutiam</strong></span> <span class='ocrx_word' id='word_1_129' title='bbox 974 3918 1019 3991; x_wconf 91' lang='lat' dir='ltr'><strong>te,</strong></span> <span class='ocrx_word' id='word_1_130' title='bbox 1036 3912 1214 3996; x_wconf 80' lang='lat' dir='ltr'><strong>Ephraim?</strong></span> 
     </span>
    </p>
   </div>
   <div class='ocr_carea' id='block_1_6' title="bbox 276 4161 1289 4372">
    <p class='ocr_par' dir='ltr' id='par_1_6' title="bbox 276 4161 1289 4372">
     <span class='ocr_line' id='line_1_28' title="bbox 276 4161 841 4230; baseline 0.004 -6"><span class='ocrx_word' id='word_1_131' title='bbox 276 4161 308 4226; x_wconf 87' lang='grc'><strong>3.</strong></span> <span class='ocrx_word' id='word_1_132' title='bbox 332 4161 543 4226; x_wconf 81' lang='lat' dir='ltr'><strong>Plecebilitas.</strong></span> <span class='ocrx_word' id='word_1_133' title='bbox 591 4162 676 4230; x_wconf 82' lang='lat' dir='ltr'><strong>Quia</strong></span> <span class='ocrx_word' id='word_1_134' title='bbox 697 4163 841 4228; x_wconf 81' lang='lat' dir='ltr'><strong>feciliter.</strong></span> 
     </span>
     <span class='ocr_line' id='line_1_29' title="bbox 277 4284 1289 4372; baseline 0.005 -24"><span class='ocrx_word' id='word_1_135' title='bbox 277 4284 367 4350; x_wconf 80' lang='lat' dir='ltr'><strong>Paul.</strong></span> <span class='ocrx_word' id='word_1_136' title='bbox 390 4285 452 4351; x_wconf 90' lang='lat' dir='ltr'><strong>ciii.</strong></span> <span class='ocrx_word' id='word_1_137' title='bbox 476 4291 507 4353; x_wconf 91' lang='lat'><strong>9.</strong></span> <span class='ocrx_word' id='word_1_138' title='bbox 582 4287 743 4366; x_wconf 79' lang='lat' dir='ltr'><strong>Placatur,</strong></span> <span class='ocrx_word' id='word_1_139' title='bbox 765 4307 825 4351; x_wconf 93' lang='lat' dir='ltr'><strong>nec</strong></span> <span class='ocrx_word' id='word_1_140' title='bbox 847 4286 882 4350; x_wconf 89' lang='lat' dir='ltr'><strong>in</strong></span> <span class='ocrx_word' id='word_1_141' title='bbox 907 4293 1098 4372; x_wconf 87' lang='lat' dir='ltr'><strong>perpetuum</strong></span> <span class='ocrx_word' id='word_1_142' title='bbox 1124 4288 1289 4367; x_wconf 87' lang='lat' dir='ltr'><strong>irascetur,</strong></span> 
     </span>
    </p>
   </div>
   <div class='ocr_carea' id='block_1_7' title="bbox 618 4414 1132 4499">
    <p class='ocr_par' dir='ltr' id='par_1_7' title="bbox 618 4414 1132 4499">
     <span class='ocr_line' id='line_1_30' title="bbox 618 4414 1132 4499; baseline 0.002 -22"><span class='ocrx_word' id='word_1_143' title='bbox 618 4434 679 4478; x_wconf 89' lang='lat' dir='ltr'><strong>nec</strong></span> <span class='ocrx_word' id='word_1_144' title='bbox 702 4414 737 4477; x_wconf 89' lang='lat' dir='ltr'><strong>in</strong></span> <span class='ocrx_word' id='word_1_145' title='bbox 759 4421 918 4479; x_wconf 81' lang='lat' dir='ltr'><strong>aetemum</strong></span> <span class='ocrx_word' id='word_1_146' title='bbox 941 4414 1132 4499; x_wconf 87' lang='lat' dir='ltr'><strong>increpabit.</strong></span> 
     </span>
    </p>
   </div>
   <div class='ocr_carea' id='block_1_8' title="bbox 0 0 1460 5002">
    <p class='ocr_par' dir='ltr' id='par_1_8' title="bbox 0 0 1460 5002">
     <span class='ocr_line' id='line_1_31' title="bbox 0 0 1460 5002; baseline 0 0"><span class='ocrx_word' id='word_1_147' title='bbox 0 0 1460 5002; x_wconf 95' lang='lat' dir='ltr'><strong> </strong></span> 
     </span>
    </p>
   </div>
  </div>
 </body>
</html>
