2910 5002
467 450 639 517 PRECES
664 451 984 519 QUOTIDIANAE.

284 619 462 703 Proposita,

283 747 438 828 Cornutus,

197 873 341 952 Exitum,
364 882 397 939 ct
419 875 599 956 introitum,

286 1004 478 1083 sessionem,
502 1013 535 1069 et
557 1007 834 1071 resurrectionem.

198 1261 244 1324 'l'c
266 1258 359 1324 decet
379 1260 529 1346 hymnus,
552 1262 651 1341 Deus,

286 1395 319 1452 et
340 1387 401 1452 tibi
422 1388 575 1453 reddetur
595 1397 718 1454 votum.
764 1391 854 1454 Psoi.
877 1390 940 1455 lxv.
966 1390 994 1454 1.

200 1517 327 1601 Dignus
349 1539 394 1597 cs,
417 1519 568 1597 Domine,
592 1520 681 1583 Deus
703 1525 812 1583 noster
833 1525 972 1598 sanctus,

286 1645 430 1731 accipere
451 1647 598 1730 gloriam,
622 1653 655 1711 et
677 1647 845 1725 honorem,

372 1780 405 1837 et
427 1773 588 1838 virtutem.
632 1773 731 1855 Apoc.
754 1773 796 1838 iv.
821 1773 873 1837 ll.

201 1899 267 1966 Qui
289 1899 420 1965 exaudis
441 1900 630 1979 orationem,

287 2027 329 2090 ed
351 2033 385 2091 te
406 2028 513 2092 veniet
535 2029 640 2092 omnis
662 2049 747 2103 curo,

330 2154 438 2218 veniet
460 2161 494 2218 et
515 2155 602 2233 heec;
648 2156 738 2218 Psoi.
760 2155 822 2219 lxv.
845 2158 876 2233 2,
900 2159 932 2219 3.

205 2281 268 2345 Sed
289 2281 387 2347 verbo
407 2281 591 2366 iniquorum
612 2283 847 2366 praevelueruut

289 2429 387 2494 super
408 2430 471 2489 mc,
494 2415 527 2473 et
548 2409 769 2493 impietatibus
790 2410 869 2473 meis

375 2543 414 2600 tn
435 2535 667 2620 propitiaberis.
715 2536 819 2620 [Vero.
842 2536 888 2619 3.]

204 2662 253 2727 Ut
274 2662 402 2727 veniam
424 2671 457 2728 ct
479 2664 633 2728 confiteor

291 2811 364 2854 cum
387 2789 536 2855 omnibus
557 2780 706 2874 operibus
728 2790 804 2869 tuis,

377 2924 411 2980 ct
433 2937 507 2981 cnm
533 2916 659 2981 Sanctis
680 2918 748 2981 tuis

420 3042 608 3107 benedicum
630 3043 701 3107 tibi.
749 3044 849 3127 [Psol.
873 3044 954 3108 cxlv.
979 3045 1046 3128 10.]

206 3169 357 3248 Domine,
379 3168 465 3234 labio
485 3191 557 3234 mco
578 3171 710 3254 aperies,

293 3303 327 3360 ct
348 3317 385 3360 os
407 3317 516 3359 meum
538 3296 750 3361 annunciabit

380 3424 509 3488 laudem
530 3432 630 3488 tuam.
681 3425 787 3507 [Psal.
811 3426 842 3489 li.
869 3425 935 3510 lu]

207 3682 333 3747 Lauda
356 3682 464 3744 anima
485 3701 558 3744 mea
579 3680 767 3760 Dominum,

293 3808 466 3890 Propterea
487 3805 572 3890 quod
594 3804 753 3869 benefecit

208 3936 371 4001 Cresturae
392 3935 560 4015 universos,

252 4063 372 4127 Generi
394 4071 506 4128 nostro
527 4062 684 4126 universo.

209 4192 383 4275 Propterea
404 4190 490 4273 quod
513 4190 648 4273 gratiam
671 4187 784 4254 feceris
807 4207 944 4264 mecum,

295 4319 425 4398 Anima,
