2910 5002
198 423 264 486 224
480 417 618 480 ΕΤΧΑΙ
644 413 981 479 ΚΑΘΗΜΕΡΙΝΑΙ.

283 588 338 654 καὶ
359 586 470 657 νυκτὸς
490 584 551 668 ἤδη
574 585 638 672 ἄρα
660 582 724 677 ᾠδὴ
747 582 845 649 αὐτοῦ
866 579 943 669 παρ’
966 580 1048 662 ε’μοὸ,

413 713 467 781 καί
488 711 656 801 προσευχὴ
680 714 725 798 τῷ
746 712 821 798 Θεῶ
841 713 900 792 τῆς
924 710 1001 791 ζωῆς
1022 733 1092 791 μου.

198 845 309 917 Οὕτως
332 842 498 928 εὐλογήσω
520 869 561 908 σε
584 842 617 906 έν
638 839 699 923 ὸλη
721 843 761 923 τῇ
784 840 845 923 ζωῇ
865 864 939 920 μου,

285 973 319 1037 έν
340 974 386 1060 τῷ
407 969 540 1053 ὀνόματί
560 995 621 1034 σου
643 967 709 1055 ἀρῶ
731 967 789 1036 τὰς
810 963 925 1054 χεῖράς
940 991 1013 1048 μου.

200 1099 456 1182 Κατευθυνθήτω
478 1098 499 1181 ἦ
522 1096 694 1185 προσενχή
715 1122 786 1179 μου,
879 1119 882 1127 ·

330 1228 370 1298 ῶς
392 1226 538 1310 θυμίαμα
560 1223 694 1291 ένῶπιόν
716 1249 785 1288 σου·

371 1354 392 1437 ἦ
415 1355 552 1441 ἔπαρσις
573 1356 636 1419 τῶν
656 1355 774 1440 χειρῶν
795 1376 866 1434 μου,

415 1478 497 1559 ῶςή
522 1478 621 1543 θυσία
643 1476 805 1563 έσπερινή.

200 1730 384 1814 Εὐλογητὸς
406 1729 442 1804 εί,
467 1727 577 1816 Κύριε,
600 1728 617 1792 ὁ
642 1729 724 1798 Θεὸς
745 1728 843 1811 ἡμῶν,

412 1856 429 1922 ὁ
452 1855 532 1927 Θεὸς
554 1859 617 1922 τῶν
637 1857 784 1943 πατέρων
804 1855 902 1937 ἡμῶν,

277 1986 303 2054 ’ὁ
325 1989 438 2057 κτίσας
460 1985 604 2069 ἀμοιβὰς
625 1983 751 2074 ἦΡθΡῶν
771 2011 805 2051 τε
828 1984 882 2050 καί
905 1989 1037 2063 νυκτῶν,

285 2112 302 2177 ὁ
324 2115 476 2201 χορηγῶν
496 2111 574 2194 ἡμῖν
596 2111 744 2199 ἅφορμὸς
766 2112 872 2196 ίίμνων
893 2113 1094 2198 νυκτερινῶν.

284 2239 301 2305 ὁ
323 2239 424 2327 ῥύσας
445 2240 530 2323 ἡμᾶς
553 2239 618 2306 ἀπὸ
640 2244 697 2323 τῆς
721 2241 835 2311 κακίας
857 2244 913 2322 τῆς
934 2239 1055 2328 ἡμέρας
1077 2238 1205 2319 ταύτης.

287 2365 303 2432 ὸ
326 2367 371 2450 μὴ
394 2366 434 2437 ῶς
457 2366 550 2432 ι’στὸν
572 2366 677 2454 έρίθου
699 2365 841 2449 ἐκτεμῶν
863 2367 921 2448 τὴν
944 2365 1024 2449 ζωήν
1044 2392 1117 2449 μου,

284 2493 366 2578 μηδὲ
389 2494 454 2562 ἀπὸ
475 2496 563 2583 πρωῒ
582 2495 640 2565 ἕως
662 2494 802 2581 ἑσπέρας
824 2493 1011 2564 καταλύσας
1031 2519 1081 2578 με.

421 2838 423 2843 ’
464 2836 767 2905 ΟΜΟΛΟΓΗΣΙΣ
790 2838 993 2901 ΔΕΙΛΙΝΗ.

589 3009 733 3082 ΚΤΡΙΕ,

200 3135 242 3206 ῶς
264 3135 381 3222 ἡμέρας
403 3133 459 3200 ἐπὶ
480 3138 550 3206 ταῖς
571 3133 702 3221 ἡμέραις
723 3136 820 3218 ἡμῶν,

329 3265 411 3329 οίτω
435 3264 490 3330 καὶ
512 3263 681 3350 ἁμαρτίαις
702 3265 931 3353 προστίθεμεν.

242 3389 402 3460 Ἐπτάκις
424 3389 544 3477 ἡμέρας
565 3395 714 3456 πεσεῖται
736 3391 753 3457 ὁ
775 3391 907 3471 ὸικαιὸς,

372 3515 458 3602 Ἐγῶ
481 3516 507 3581 δ’
530 3517 612 3606 ὑπὲρ
628 3518 709 3584 λίαν
730 3518 921 3605 ἁμαρτωλὸς

416 3645 688 3732 ἑβδομηκοντάκις
711 3646 805 3729 ἔπτὰ,

245 3774 313 3841 Καὶ
335 3776 492 3842 ἔκστασιν
514 3775 568 3842 καὶ
590 3775 722 3863 φρικτὰ,
746 3775 770 3840 ῶ
794 3774 902 3863 Κύριε.

504 3903 612 3968 Ἀλλὰ
635 3902 833 3991 ἀποστρέψαι

245 4027 311 4095 α’πὸ
328 4022 396 4094 τῶν
418 4028 498 4096 ὁδῶν
518 4057 580 4113 μου
601 4033 749 4117 πονηρῶν
770 4027 936 4112 στενάξας,

417 4156 472 4224 καὶ
495 4157 679 4244 ἐπιστρέφον
701 4156 757 4223 ε’πὸ
779 4157 837 4240 τὴν
859 4155 994 4245 καρδίαν
1013 4184 1086 4242 μου,

461 4284 517 4350 καὶ
538 4285 573 4351 έν
593 4281 655 4370 ὅλη
676 4287 717 4371 τῇ
739 4282 855 4375 καρὸίςι
874 4283 1062 4373 ἐπιστρέψω
1080 4282 1140 4352 έπὸ
1160 4283 1211 4352 σέ.
