2910 5002
469 453 639 522 PRECES
664 455 985 523 QUOTIDIANAE
1192 457 1255 520 375

200 624 272 688 Nec
294 631 369 708 peto
391 633 428 689 nt
449 625 546 691 facins

286 752 361 816 Nisi
383 753 469 836 qnod
491 754 596 818 fecisti
618 755 801 839 saepissime,

328 881 373 943 Et
394 879 474 945 facis
496 880 728 960 libentissime3

201 1006 297 1072 Quod
319 1007 383 1071 nisi
404 1007 549 1074 facturus
570 1010 670 1074 etiam
691 1018 788 1097 atque
810 1013 919 1091 etiam,

285 1135 364 1198 Non
386 1135 538 1200 subsistet
561 1137 629 1201 ulla
649 1158 733 1217 caro,

286 1255 394 1319 Nemo
416 1255 598 1320 sustinebit.

200 1381 355 1446 Miserere
377 1384 561 1468 peccatoris,
583 1386 758 1468 peccatoris
780 1387 922 1462 maximi,

242 1513 292 1576 Ac
313 1513 407 1597 proin
428 1514 568 1578 maxima
590 1513 807 1580 misericordia
827 1515 1015 1600 indigentis.

199 1639 243 1702 Et
266 1639 338 1704 Tibi
360 1640 500 1704 maxima
521 1648 580 1720 est,

241 1769 286 1832 Et
308 1768 350 1832 sd
371 1769 468 1834 coelos
490 1790 592 1854 usque
612 1769 811 1854 pertingens,

285 1896 330 1960 Et
352 1895 490 1979 eripiens
512 1896 552 1960 de
574 1896 701 1963 inferno
722 1898 876 1964 inferiori.

329 2023 471 2092 Mirifice
492 2031 549 2088 est

200 2149 341 2214 Mirifice
362 2149 613 2217 misericordiam
635 2153 738 2216 Tuam
761 2175 838 2238 erga
860 2177 933 2220 me:

245 2279 353 2344 Quam
375 2278 403 2342 si
424 2279 472 2343 vis
493 2280 670 2363 glorificare
691 2280 727 2344 in
748 2281 954 2362 immensum,

287 2406 456 2471 Praetende
477 2407 561 2471 mihi
581 2429 663 2472 eam.
761 2418 763 2422 “

200 2533 378 2618 Nunquam
394 2555 443 2615 es,
456 2556 625 2619 nunquam
640 2556 679 2600 ea
693 2536 728 2599 in
742 2537 918 2619 peccatoris
932 2538 1121 2623 cujusquam
1136 2539 1230 2604 venia

665 2669 721 2727 aut
743 2663 815 2744 fuit,

330 2731 439 2816 Magis
461 2686 650 2863 gloriosa{

662 2800 718 2857 aut
737 2792 847 2856 futura
861 2799 920 2856 est.

201 2919 350 2997 Domine,
374 2919 401 2981 si
422 2918 471 2982 vis
492 2926 531 2983 nt
555 2920 704 2985 recedam
726 2942 746 2984 a
766 2921 823 3000 Te,
846 2920 888 2984 da
908 2920 990 2985 mihi
1012 2921 1111 2986 alium
1133 2923 1188 3001 Te,

286 3046 417 3129 Alioqui
439 3067 505 3110 non
527 3045 689 3111 dimittam
712 3048 766 3112 Te.

246 3175 385 3258 Spiritus
407 3173 551 3238 veritatis
573 3174 686 3240 doceat
707 3197 760 3240 me
782 3175 960 3241 veritatem.

201 3304 260 3366 IV.
284 3302 366 3381 Tibi,
390 3302 538 3375 Domine,
561 3303 716 3367 confiteor

248 3431 354 3513 (Quia,
378 3430 406 3494 si
426 3430 508 3505 volo,
531 3430 725 3495 abscondere
747 3452 814 3496 non
835 3432 999 3514 possum);

286 3557 359 3622 Tibi
381 3563 511 3642 peccata
532 3578 605 3621 mea
626 3557 774 3642 plurima,
797 3558 947 3638 maxima,
970 3559 1164 3642 gravissima.

200 3687 358 3749 Profiteor
378 3691 412 3749 et
434 3685 543 3749 dolere
565 3705 628 3763 me,
652 3685 737 3768 quod
759 3693 792 3749 et
814 3686 864 3749 'I'u
885 3687 981 3750 nosti.

246 3814 310 3879 Sed
331 3835 478 3898 peccasse
500 3835 553 3877 me
574 3813 647 3896 plus
669 3812 771 3896 magis
792 3821 888 3896 prout
910 3815 999 3878 dolor
1021 3823 1080 3894 est,

288 3940 354 4007 Qui
376 3940 456 4004 mihi
478 3940 603 4025 adjacet
625 3961 688 4024 quo
710 3947 840 4031 peccata
862 3940 1005 4006 defleam.

202 4071 302 4134 Deest
323 4067 405 4132 mihi
426 4068 515 4133 dolor
537 4074 658 4146 tantus,
681 4066 771 4132 deest
792 4067 896 4152 plane.

201 4198 315 4279 Longe
337 4196 451 4259 absum
474 4195 514 4260 ab
536 4217 575 4260 eo
597 4217 693 4280 quam
715 4218 773 4280 pru·
795 4203 843 4261 cst
865 4217 943 4260 esse.

288 4322 433 4385 Multum
455 4343 585 4405 peccare
605 4344 733 4406 possum
744 4349 753 4399 ;
