2910 5002
467 434 637 502 Psecas
662 434 979 504 QUOTIDIANAE.
1188 441 1252 504 185

327 605 404 689 quia
424 626 544 670 nomen
566 611 660 668 tuum
681 604 865 669 invocatum
888 609 938 669 est
982 605 984 608 ⁴

458 752 554 818 super
575 752 703 798 servum
724 739 830 797 tunm.
877 732 983 816 [Vera
1009 733 1077 818 la]

198 861 241 926 In
261 859 374 925 multia
395 859 587 926 offendimus
609 878 721 924 omnes
732 885 743 937 3
786 860 857 924 Jac.
879 859 925 924 iii.
949 860 980 924 2.

240 986 391 1066 Domine,
413 985 633 1070 superexaltet
654 983 872 1048 misericordia
892 991 951 1050 tua

325 1111 484 1197 judicium
506 1119 601 1175 tunm
623 1111 658 1174 in
680 1110 810 1175 offensis
831 1111 961 1176 nostris.
1010 1112 1095 1197 [Joc.
1117 1113 1151 1179 ii.
1176 1114 1244 1198 la]

201 1239 237 1303 Si
258 1236 377 1319 dixero,
400 1231 476 1323 ipnia
495 1244 664 1322 peccatam
685 1258 752 1302 non
773 1237 888 1318 habeo,
911 1239 979 1322 ipse
1000 1260 1054 1304 mo
1075 1241 1205 1319 seduco,

284 1373 318 1430 et
338 1364 456 1431 veritas
477 1366 514 1429 in
535 1385 589 1429 me
609 1384 677 1429 non
698 1371 758 1429 est.
804 1369 821 1428 1
843 1367 893 1430 Jo.
916 1366 939 1430 i.
962 1367 993 1430 8.

243 1492 307 1558 Sed
328 1491 485 1558 confiteor
505 1499 638 1576 paccata
658 1512 732 1555 mea
751 1491 856 1555 multa
877 1500 911 1556 et
932 1494 1050 1576 gravia,

284 1627 319 1685 et
339 1626 378 1684 tn
399 1619 503 1685 fidelis
526 1637 561 1684 es
582 1626 617 1684 et
635 1619 754 1703 justus,
777 1616 928 1700 Domine,

325 1753 364 1810 nt
378 1745 545 1810 cantitanti
559 1744 641 1810 mihi
654 1745 801 1810 remittas
815 1754 947 1831 peccata
960 1768 1041 1813 mea
1082 1749 1188 1834 [Vere.
1204 1749 1250 1832 9.]

583 1871 637 1935 Ad
659 1870 745 1954 quod
768 1871 865 1936 etiarn

198 1996 399 2062 Advocatum
422 1997 464 2062 ed
486 2002 521 2062 te
544 1997 629 2080 apud
652 2003 686 2062 te
709 1996 822 2076 habeo,
868 2000 886 2063 1
910 1999 961 2063 Jo.
986 1999 1020 2063 ii.
1046 1994 1078 2065 1.

283 2122 404 2188 Filium
425 2130 520 2187 tuum
542 2121 760 2205 unigenitum,
784 2122 936 2186 Justum:

200 2251 251 2315 Sit
272 2251 349 2336 Ipsa
369 2249 556 2335 propitiatio
577 2269 637 2333 pro
658 2248 798 2332 peccatis
820 2249 912 2330 meis,

284 2377 340 2460 qui
361 2384 412 2442 est
434 2397 493 2460 pro
515 2375 616 2440 totins
639 2376 738 2439 stiam
763 2372 888 2440 mundi.
939 2374 1046 2460 [Vera.
1069 2377 1118 2459 2.]

198 2503 357 2586 Nnnquid
379 2503 416 2567 in
438 2510 597 2568 :eternum
619 2502 766 2586 projiciet
793 2502 965 2582 Dominus,

284 2638 431 2695 autnon
454 2635 604 2714 apponet,
623 2635 662 2693 nt
685 2628 906 2712 complacitior
928 2627 971 2692 sit
991 2627 1122 2693 adhuc?

197 2757 267 2820 Aut
289 2756 325 2819 in
346 2757 445 2820 finem
470 2753 721 2819 misericordiam
743 2762 836 2818 suam
858 2754 1050 2819 abscindet?

199 2883 440 2947 Consummavit
461 2881 595 2946 verbum
618 2901 636 2944 a
658 2881 865 2964 generatione
888 2880 923 2946 in
944 2881 1203 2965 generationem?

197 3009 267 3073 Aut
290 3008 495 3073 obliviscetur
516 3005 661 3070 misereri
683 3005 800 3070 Dens?

284 3142 341 3197 aut
364 3132 545 3197 continebit
571 3132 606 3195 in
632 3132 682 3195 ira
705 3153 763 3196 sua

369 3259 602 3324 misericordias
624 3260 721 3324 snae?
768 3261 822 3323 Pr.
843 3259 950 3325 lxxvii.
975 3265 1006 3340 7,
1031 3260 1075 3345 [8,
1099 3260 1147 3344 9.]

197 3386 243 3450 Et
265 3385 341 3465 dixi,
364 3385 465 3450 Nunc
488 3385 580 3469 coepi.
896 3459 897 3462 Ἴ

286 3514 366 3577 Haec
388 3512 527 3577 mutatio
551 3512 689 3576 dextera
710 3511 848 3577 Excelai.
894 3512 999 3596 [Vera.
1025 3513 1092 3595 10.]

242 3768 348 3831 Omne
371 3765 508 3850 pondus,
856 3760 985 3934 μῦ.
1008 3803 1062 3868 xii.
1087 3805 1117 3869 1.

284 3900 318 3956 et
339 3892 552 3956 circinnstans
574 3910 627 3952 me
650 3895 827 3971 peccatum,

242 4019 382 4082 Omnem
407 4016 649 4082 immunditiam

854 4027 976 4205 μω.
999 4071 1021 4137 i.
1046 4074 1099 4138 21.

283 4151 317 4208 et
339 4145 592 4230 superfluitatem
616 4141 779 4226 nequitiae,

568 4269 682 4347 carnis,

198 4339 500 4422 Concupiscentiam
522 4292 557 4464 {

570 4396 747 4472 oculorum,
