2910 5002
262 430 329 494 844
537 429 710 495 Plancos
731 428 1049 497 QUOTIDIANAE.

264 601 386 666 Beatus
407 601 544 686 populus
567 601 622 686 qui
643 601 705 666 ecit
722 599 970 686 jubilationem

265 732 415 811 Domine,
430 730 466 794 in
481 729 602 793 lumine
616 729 725 793 vultus
739 729 801 793 Tui
817 729 1037 795 ambulabunt.
1063 730 1119 794 Pa.
1131 730 1246 801 lxxxix.
1266 731 1319 796 16.

264 860 413 940 Domina,
435 859 471 922 in
493 857 624 923 nomine
646 857 716 921 Tuo
737 856 945 923 exsultabunt
966 863 1038 923 tota
1059 856 1120 937 die,

351 993 385 1052 et
405 986 441 1050 in
459 985 588 1070 justitia
608 985 678 1049 Tua
698 984 935 1051 exaltabuntur.
982 986 1089 1071 [Vera.
1113 985 1178 1071 la]

265 1115 502 1181 Laudationem
524 1113 658 1180 Domini
680 1113 830 1198 loquetur
851 1135 888 1179 os
910 1136 1030 1194 meum,

308 1249 341 1308 et
361 1241 533 1307 benedicat
555 1241 660 1305 omnis
683 1261 757 1305 caro
780 1247 891 1305 saneto
913 1240 1039 1305 nomini
1060 1241 1152 1326 Ejur,

308 1373 343 1435 in
365 1369 527 1449 saeculum,
550 1375 585 1435 et
607 1364 815 1433 in'saeoulum
838 1369 957 1451 eoeouli,

237 1561 240 1568 ,
351 1497 433 1563 etin
448 1497 574 1585 aaeoiila,
590 1503 623 1565 et
638 1496 673 1560 in
689 1497 807 1560 aaeoiala
820 1496 1020 1563 aaeoulorum.
1066 1495 1135 1581 [Pa.
1150 1496 1230 1563 cxlv.
1247 1497 1317 1582 2l.]
1397 1486 1402 1499 ’

266 1625 474 1710 Magnificate
496 1624 675 1689 Dominum
697 1646 835 1704 mecum,

352 1760 385 1818 et
406 1753 545 1819 exaltate
567 1774 687 1818 nomen
702 1754 781 1838 Ejus
795 1753 831 1816 in
844 1753 995 1837 idipsum,
1035 1754 1136 1839 [Prot.
1152 1754 1255 1821 xxxiv.
1271 1753 1319 1838 3.]

266 1880 394 1961 Venite,
417 1886 451 1945 et
473 1879 650 1944 auscultate
671 1880 763 1960 mihi,
785 1901 841 1945 vos
862 1901 975 1951 omnes

352 2006 406 2090 qui
428 2006 549 2070 timetis
571 2007 688 2085 Deum,
712 2015 744 2072 et
767 2007 872 2071 dicam
893 2006 992 2085 vobis,

437 2135 544 2219 qualia
564 2136 641 2200 feeit
663 2157 721 2219 pro
742 2135 850 2200 anima
871 2156 950 2199 mea
1002 2134 1105 2218 [Paul.
1127 2133 1201 2197 lxvi.
1226 2134 1293 2218 la]

264 2264 416 2328 Exaltaro
439 2285 533 2348 nuper
555 2263 663 2342 coelos,
688 2265 787 2342 Deus,

351 2400 384 2456 et
406 2413 501 2476 super
522 2398 626 2456 totam
648 2399 767 2457 terram
791 2390 893 2475 gloria
913 2391 992 2456 Tua.
1031 2391 1134 2476 [Paul.
1158 2390 1225 2455 lvii.
1250 2389 1317 2473 12.]

189 2606 192 2613 Ι
265 2519 451 2585 Confitebor
472 2518 556 2600 Tibi,
579 2518 731 2599 Domine,
754 2525 825 2583 toto
847 2517 943 2583 eorda
965 2538 1038 2581 meo

423 2642 471 2715 'in
493 2649 629 2715 concilio
651 2656 845 2725 sanatorum,

351 2780 440 2844 etin
462 2779 721 2863 congregatione.
768 2778 867 2863 [Paul
893 2777 952 2841 cxi.
979 2775 1021 2860 1.]

264 2907 363 2992 Aperi
373 2929 408 2972 os
417 2929 525 2973 meum
535 2907 576 2972 ad
587 2906 842 2971 benedicendum
854 2926 974 2973 nomen
983 2906 1101 2983 Tuum,
1127 2902 1239 2988 [Pali.
1252 2901 1318 2986 lfa]

308 3036 372 3100 Fac
394 3057 445 3100 me
467 3035 544 3100 Tuis
566 3034 717 3100 laudibus
740 3054 860 3113 vacare,

351 3164 392 3227 In
402 3171 574 3247 conspeetu
583 3162 783 3247 Angelorum
793 3161 925 3246 psallam
936 3160 1017 3226 Tibi,
1037 3160 1104 3245 [Pa.
1115 3157 1261 3224 cxxxviii.
1274 3157 1320 3244 1.]

266 3291 398 3375 Suscipe
419 3292 540 3371 laudes,
564 3313 642 3376 quas
664 3291 834 3355 decantare
857 3290 1011 3368 desidero,

307 3419 379 3511 Ego
399 3418 551 3501 indignus
571 3425 729 3501 peccator,
752 3423 839 3483 certe
860 3416 1023 3502 indignus,

353 3542 417 3610 Sed
439 3544 566 3608 utinam
589 3544 719 3609 devotas
741 3551 774 3610 et
797 3545 871 3611 Tibi
893 3554 1013 3629 gratas.

262 3671 388 3756 Dignus
411 3693 454 3751 es,
478 3673 618 3738 Domine
640 3673 738 3752 Deua,
761 3674 915 3757 accipere,
972 3673 1086 3758 [Apoc.
1108 3671 1148 3737 iv.
1175 3671 1242 3756 11.]

349 3801 438 3865 Deus
460 3824 552 3868 meus
572 3823 607 3867 ea
629 3803 689 3881 Tu,
712 3811 744 3867 et
767 3803 946 3869 confitebor
967 3802 1049 3881 Tibi,

770 3931 918 3997 exaltabo
940 3932 995 3995 Te·
1042 3930 1111 4014 [Po.
1128 3928 1232 3993 cxviii.
1247 3928 1319 4012 28.]

262 4053 408 4118 cantabo
431 4057 572 4123 Domino
594 4059 630 4122 in
652 4059 718 4124 vita
739 4080 822 4138 mee,

346 4180 484 4244 Psallam
508 4185 578 4248 Deo
600 4206 683 4264 meo,
706 4185 860 4270 quamdiu
883 4207 965 4251 aum.
1014 4185 1113 4271 [Paul.
1136 4185 1194 4250 civ.
1218 4184 1286 4269 33.]

260 4306 372 4372 Gloria
393 4310 465 4374 Deo
486 4310 521 4374 in
544 4312 687 4391 excelsis,
