2910 5002
466 458 636 524 PRECES
661 458 980 525 QUOTIDIANAE.
1187 461 1251 526 223

198 630 298 695 Venit
319 652 394 711 nox,

283 759 372 823 venit
393 764 426 822 et
448 778 544 836 mors,

371 883 463 948 Mors
485 883 688 949 immortalis.

198 1013 312 1096 Prope,
335 1019 372 1075 ut
394 1012 468 1076 finis
491 1012 565 1090 diei,

285 1141 330 1204 sio
352 1147 385 1204 et
407 1140 480 1205 finis
502 1140 586 1204 vitae.

198 1269 360 1333 Memores
382 1269 482 1351 igitur
502 1269 602 1352 ipsius
625 1274 658 1331 et
679 1288 737 1331 nos

370 1396 415 1458 Te
437 1416 597 1478 rogamus,

199 1519 248 1584 Ut
269 1521 362 1584 nobis
385 1521 490 1584 exitus
512 1521 587 1584 vitae
639 1583 640 1586 ,

286 1648 497 1725 Christianos,
520 1656 553 1710 et
574 1647 636 1710 tibi
659 1653 814 1729 acceptos,

199 1775 337 1853 Peccati,
360 1776 500 1859 pudoris,
524 1783 566 1852 et,
590 1775 639 1837 si.

241 1904 303 1968 tibi
325 1904 497 1983 videbitur,
521 1903 638 1967 doloris
660 1909 815 1986 expertes.

200 2033 242 2096 In
263 2053 341 2116 pace
363 2032 492 2115 dirigas,
516 2030 666 2107 Domine,
691 2031 842 2107 Domine,

371 2179 431 2222 nos
453 2158 605 2241 colligens

200 2287 259 2351 sub
281 2287 378 2370 pedes
400 2287 576 2350 electorum
598 2293 740 2362 tuorum,

242 2415 299 2478 ubi
321 2415 416 2493 voles,
440 2421 473 2479 et
495 2414 655 2498 quomodo
677 2413 774 2493 voles,

285 2543 441 2607 duntaxat
463 2541 582 2626 absque
605 2541 737 2625 pudore,

371 2677 405 2733 et
426 2676 566 2752 peccato.

201 2855 391 2918 Meminisse
414 2855 481 2918 dies
503 2854 709 2917 tenebramm
731 2853 808 2936 quia
829 2851 934 2930 multi,
978 2852 1069 2917 Eccl.
1090 2852 1132 2916 xi.
1155 2855 1186 2916 8.

202 3003 243 3046 ne
265 2982 300 3043 in
319 2976 471 3044 'tenebras
494 2981 665 3044 exteriores
687 2979 863 3064 ejiciamur.
910 2980 1008 3043 Mau.
1032 2979 1107 3043 xxii.
1132 2979 1183 3042 13.

202 3107 390 3170 Meminisse
412 3113 446 3170 et
469 3113 668 3170 antevertere
689 3113 830 3183 noctem,

289 3234 409 3318 aliquid
431 3234 508 3299 boni
531 3233 703 3317 operando.
750 3234 855 3318 [Joon.
879 3234 921 3297 ix.
945 3233 991 3317 4.]

462 3433 568 3495 Instat
590 3431 767 3510 iudicium,

204 3561 329 3624 Bonam
352 3568 385 3623 et
407 3567 571 3642 acceptam
594 3558 826 3637 defensionem,

290 3689 330 3752 ad
353 3687 556 3752 tremendum
578 3695 611 3750 et
634 3687 777 3751 terribile
800 3688 879 3750 Jesu
902 3686 1024 3750 Christi
1046 3685 1199 3764 tribunal,

378 3815 525 3880 Concede
548 3813 650 3886 nobis,
675 3813 824 3877 Domine.

206 4071 247 4133 In
269 4068 418 4133 noctibus
440 4069 553 4133 attollo
575 4090 701 4146 manus,

290 4196 326 4258 in
349 4203 467 4273 sancta,
490 4202 523 4259 et
544 4195 699 4260 benedico
722 4195 874 4260 Domino.
924 4194 1028 4278 [Paul.
1051 4193 1171 4257 cxxxiv.
1195 4192 1240 4276 2.]

206 4327 245 4389 In
270 4326 322 4390 die
344 4324 508 4390 mandavit
530 4325 690 4390 Dominus
713 4322 962 4389 misericordiam
985 4323 1063 4405 ejus,
