2910 5002
388 524 391 529 .
446 465 619 533 Paucas
643 463 966 534 QUOTIDIANAE.
1173 465 1235 530 371

181 640 245 703 Pro
266 641 381 725 spiritu
403 640 587 719 vulneratis,
611 639 719 702 animo
741 639 843 722 aegris,
865 636 1032 722 perplexis.

180 769 243 832 Pro
276 769 418 833 animam
450 767 630 853 agentibus,
664 766 906 851 egrotantibus,
939 765 1150 849 pharmacum
1183 787 1238 828 su-

351 896 526 962 mentibus.
596 942 600 947 -

179 1008 242 1072 Pro
264 1007 407 1092 captivis,
429 1008 644 1087 incarceratis,
664 1008 771 1091 eapite
794 1005 963 1071 damnatis

179 1137 242 1200 Pro
264 1137 383 1220 egenis,
406 1136 575 1220 oppressis,
599 1136 757 1202 desolatis.

178 1267 242 1330 Pro
265 1265 404 1344 advenis,
428 1264 589 1349 orphanis,
611 1263 739 1333 viduis..

177 1394 241 1458 Pro
262 1394 513 1478 praegnantibus,
536 1392 710 1478 puerperis,
731 1390 919 1456 infantibus.

177 1523 241 1588 Pro
262 1521 551 1606 peregrinantibus,
575 1519 811 1604 navigantibus,
833 1516 1072 1598 itinerantibus,

263 1651 374 1734 quovis
395 1648 492 1714 modo
513 1647 779 1732 periclitantibus,

262 1779 420 1863 proeeipue
441 1797 508 1842 non
529 1775 704 1840 orantibus
826 1837 830 1845 ,

564 2026 614 2087 De
636 2026 835 2088 Paenitentia.

177 2162 346 2241 Contritio,

262 2288 455 2355 Amaritudo
477 2289 603 2368 animae,
650 2288 706 2373 [Is.
730 2288 856 2352 xxxviii.
883 2288 949 2373 lo]

263 2416 476 2503 Compuuetio
497 2416 612 2497 cordis,
659 2417 744 2502 [Act.
768 2418 800 2481 ii.
824 2417 891 2503 37.]

621 2546 766 2626 scissum,
813 2545 1052 2632 [Joetii.13.]

266 2677 404 2762 Spiritus
426 2697 484 2742 seu
506 2696 561 2741 cor
620 2675 831 2752 confractum,
876 2676 978 2761 [Paul.
1002 2676 1037 2741 li.
1063 2675 1131 2763 17.]

620 2806 805 2870 contritum.
854 2805 961 2891 [Ista]

263 2933 407 2999 Tristitia
427 2933 603 2998 seeundum
627 2933 744 3012 Deum,
791 2931 825 3017 [2
851 2933 921 2997 Cor.
946 2932 998 2998 vii.
1023 2931 1091 3019 10.]

263 3061 433 3145 Singultus
455 3060 570 3139 oordis,
619 3060 650 3145 [l
676 3061 762 3123 Sam.
785 3081 855 3124 xxv.
879 3059 950 3144 31.]

261 3187 505 3270 ’Apuanis-mota.
553 3188 586 3272 [2
612 3188 682 3252 Cor.
705 3188 759 3252 vii.
783 3188 849 3272 11.]

175 3319 351 3398 Confessio,

260 3448 404 3532 Agnitio,
452 3448 551 3531 [Paul.
575 3447 607 3510 li
631 3446 677 3530 3.]

607 3573 816 3660 praeteritum,

260 3641 374 3708 Oratio
389 3594 603 3771 deprecans{

605 3705 760 3769 futurum.

175 3839 203 3901 1.
228 3839 350 3902 Omnes
371 3840 602 3920 peecaverunt3
649 3833 750 3917 [Rom.
774 3831 818 3894 iii.
842 3831 912 3916 23.]

217 3967 246 4031 1.
272 3964 308 4029 Si
329 3965 389 4043 Ta,
412 3961 564 4041 Domine,
587 3960 658 4044 quis
681 3958 878 4024 sustinebit?
924 3959 1011 4022 Psal.
1035 3979 1125 4023 om.
1149 3962 1180 4023 3.

215 4098 246 4159 2.
269 4093 348 4157 Non
365 4090 596 4176 justificabitur
616 4087 721 4153 omnis
743 4108 826 4163 earo.
871 4088 961 4152 Paul.
984 4087 1082 4153 cxliii.
1106 4088 1137 4152 2.

215 4224 247 4287 3.
270 4222 349 4286 Non
369 4218 575 4303 respondebit
596 4239 700 4297 uuum
722 4215 763 4280 ad
784 4215 881 4281 mille.
926 4217 996 4280 Job.
1020 4216 1063 4280 ix.
1088 4215 1145 4300 [3.]

171 4353 202 4414 2.
228 4348 315 4416 Quid
337 4347 433 4412 tum?
479 4344 637 4430 Nunquid
659 4345 695 4411 in
716 4366 846 4410 vanum.
890 4345 978 4409 Paul.
1003 4343 1119 4408 Ιιιιίιι.
1144 4349 1194 4408 47.
