2910 5002
405 458 576 524 nnncns
600 438 920 524 nnonlnmnn.
1127 455 1190 518 225

176 625 250 690 ideo
271 633 367 690 nocte
391 627 478 710 apud
499 648 552 690 me
576 626 748 691 Canticum
771 626 852 708 ejus,

221 760 255 818 et
277 754 378 818 oratio
401 753 441 817 ad
464 755 572 818 Deum
594 752 668 816 vitae
689 773 780 816 meae.
826 745 915 814 Psal.
938 749 1003 813 xlii.
1031 749 1082 812 10.

136 881 190 944 Sic
212 880 400 945 benedicam
422 881 484 945 tibi
505 882 541 944 in
563 882 630 945 vita
651 902 733 961 mes,

177 1018 211 1074 et
232 1011 267 1074 in
289 1011 419 1074 nomine
441 1018 499 1074 tuo
521 1009 633 1074 levabo
655 1030 771 1073 manus
793 1029 890 1072 mess.
937 1007 1025 1070 Psal.
1052 1005 1132 1070 lxiii.
1158 1009 1189 1069 5.

136 1137 304 1222 Dirigatur
325 1139 428 1202 oratio
449 1159 532 1217 mes,

222 1262 304 1326 sicut
326 1264 496 1328 incensum
517 1265 552 1327 in
574 1268 750 1346 conspectu
771 1267 838 1338 tuo,

265 1390 400 1454 elevatio
421 1412 578 1455 manuum
600 1410 745 1453 mearum

308 1517 506 1580 Sacrificium
528 1516 757 1598 vespertinum.
803 1516 892 1578 Psal.
916 1514 989 1578 exli.
1013 1517 1043 1577 2.

135 1764 329 1829 Benedictus
351 1787 394 1844 es,
419 1767 571 1843 Domine,
595 1766 685 1829 Deus
708 1773 827 1844 noster,

297 1903 304 1914 '
349 1893 439 1956 Deus
460 1899 589 1975 patrum
610 1899 805 1969 nostrorum,

221 2018 276 2101 qui
298 2019 412 2108 creasti
433 2018 517 2082 vices
540 2018 605 2082 diei
625 2025 658 2082 et
679 2009 793 2091 noetis,

221 2145 276 2227 qni
297 2143 354 2208 dss
376 2146 519 2209 carmine
540 2145 580 2208 de
602 2151 707 2223 noete,
751 2144 821 2208 Job.
845 2166 937 2208 xxxv.
951 2145 1014 2208 ,10.

220 2271 276 2353 qui
290 2230 433 2336 libeissti
448 2258 507 2335 nes
521 2293 540 2335 a
555 2270 679 2335 malitis
694 2270 758 2333 diei
772 2270 879 2354 hujus,
923 2271 1021 2334 Matt.
1038 2270 1078 2333 vi.
1098 2270 1181 2354 [34]

222 2397 276 2480 qui
298 2418 364 2461 non
385 2397 561 2482 praecidisti
583 2397 796 2496 sisuttextor
818 2398 918 2461 vitam
939 2417 1055 2477 meam,

222 2545 327 2606 neque
337 2523 376 2587 de
387 2544 482 2588 mnne
494 2544 658 2607 vesperam
667 2543 769 2608 usque
779 2523 939 2588 abstulisti
947 2544 1008 2588 me.
1021 2523 1077 2608 [Is.
1084 2525 1208 2589 xxxviii
1217 2526 1282 2610 12]

268 2861 522 2928 CONFESSIO
544 2863 835 2928 VESPER'PINA
858 2863 1058 2928 PECCA'l'I.

479 3032 626 3110 Dofflnn,

137 3158 227 3222 Sicut
248 3159 316 3223 dies
339 3179 433 3242 super
456 3159 533 3238 dies,

222 3284 267 3347 sic
288 3291 421 3367 peecata
442 3305 539 3368 snper
559 3291 691 3369 peccata
713 3284 890 3371 adjicimus.
934 3285 1059 3349 Ecclus.
1083 3306 1112 3348 v.
1137 3289 1167 3348 5.

179 3410 305 3494 Septies
327 3411 363 3473 in
384 3410 436 3474 die
459 3411 544 3474 eadit
562 3412 681 3495 justus,
716 3414 803 3499 ¹Pro.
826 3414 911 3478 xxiv.
936 3413 987 3476 16.

220 3537 292 3619 Ego
313 3536 410 3600 miser
432 3544 580 3620 peccator

264 3663 446 3747 septuagies
468 3665 595 3747 septies,
639 3667 739 3730 Matt.
761 3667 846 3731 xviii.
870 3669 923 3730 22.

134 3790 231 3855 etiam
253 3790 295 3854 ad
316 3798 481 3875 stuporem
503 3800 536 3856 et
557 3792 727 3872 mirabilis,
751 3796 780 3857 O
803 3793 954 3858 Domine.
998 3795 1065 3857 Jer.
1087 3816 1117 3858 v.
1132 3797 1186 3858 30.

436 3920 500 3984 Sed
521 3927 689 3985 convertor

177 4044 276 4109 aviis
297 4044 377 4108 meis
399 4045 492 4110 malis
515 4066 589 4109 cnm
612 4045 746 4129 gemitu,
790 4045 835 4109 Is.
858 4066 931 4109 xxx.
956 4046 1006 4110 15.

218 4180 252 4235 et
273 4171 315 4235 ad
336 4192 391 4235 eor
412 4193 521 4237 meum
541 4180 693 4252 revertor,
741 4172 800 4257 [Is.
821 4173 897 4238 xlvi.
919 4173 966 4257 8.]

260 4307 294 4362 et
314 4299 351 4362 in
372 4306 442 4365 toto
465 4301 560 4365 corde
582 4301 624 4365 sd
645 4308 679 4365 te
700 4309 855 4379 revertor,
905 4301 1012 4384 [Dent.
1036 4322 1107 4365 xxx.
1131 4299 1178 4381 2.]

176 4439 233 4474 lun.
252 4439 349 4475 suess
727 4445 747 4492 ρ
769 4445 790 4491 0
