2910 5002
426 429 597 494 PRECES
622 429 940 495 ouoomlaNAE.
1170 429 1214 490 38

155 602 342 681 Suggerens
363 599 458 663 nobis
480 619 585 662 mores
608 598 800 681 poenitentia
822 597 947 680 dignos.

157 727 248 789 Deus
270 726 367 808 pacis,
390 727 447 807 qui
469 725 579 788 eduxit
601 725 642 788 de
663 725 799 788 mortuis

201 854 368 916 Pastorem
390 853 497 916 orium
521 874 685 935 magnum,

245 980 288 1044 In
311 981 468 1063 sanguine
490 981 679 1045 tatamenti
700 980 824 1058 aeterni,

289 1115 467 1179 Dominum
487 1123 635 1180 nostrum
658 1116 770 1180 Jesum
792 1115 969 1192 Christum,

157 1243 260 1324 Aptet
282 1262 341 1305 nos
362 1242 398 1304 in
420 1242 509 1305 omni
531 1242 624 1320 bono,

204 1369 253 1432 Ut
273 1368 429 1433 faciamus
452 1370 521 1453 ejus
543 1369 754 1447 voluntatem,

159 1505 295 1570 Faciem
315 1505 351 1569 in
373 1505 467 1568 nobis
489 1505 576 1588 quod
598 1505 723 1589 placeat
744 1525 853 1570 eoram
876 1526 919 1584 se,

204 1634 267 1696 Per
288 1632 398 1695 Jmmr
420 1633 602 1711 Omeros,

237 1759 299 1824 Oui
314 1768 363 1823 est
378 1760 481 1842 gloria
495 1760 530 1822 in
540 1760 656 1824 saeeula
667 1759 867 1826 seculorum.
890 1761 970 1826 Heb.
982 1761 1048 1826 xiii.
1058 1762 1112 1841 20,
1127 1760 1210 1847 [21.]

161 1887 228 1953 Qui
249 1888 474 1950 ter-Sanctum
491 1893 586 1950 tuum
606 1886 763 1969 Spiritum
780 1887 841 1951 hae
862 1888 899 1952 in
920 1888 973 1953 die

204 2014 239 2075 in
259 2011 431 2096 discipulos
452 2020 527 2077 tuos
546 2013 711 2091 demisisti,

205 2139 290 2201 Eum
314 2139 437 2222 Ipsum,
462 2139 611 2218 Domine,
634 2161 675 2204 ne
697 2141 822 2206 auferas
844 2141 989 2222 anobis,

206 2264 272 2328 Sed
295 2263 336 2328 de
358 2264 409 2329 die
431 2265 467 2328 in
490 2265 575 2329 diem
597 2287 715 2330 renova

248 2395 284 2457 in
306 2394 400 2459 nobis
421 2401 455 2458 te
476 2395 673 2479 rogantibus.
722 2395 881 2477 comest.
904 2395 1028 2479 Litora.

163 2646 558 2713 Mlssmoossetolemens
567 2647 717 2726 Domine,
736 2647 1217 2734 [senseresensere]
1353 2676 1357 2681 ·

251 2775 462 2859 longanimis
484 2782 517 2839 et
538 2776 651 2840 multse
672 2776 895 2857 miserationis,

208 2905 350 2982 Peoeavi,
374 2902 456 2982 Tibi,
479 2904 630 2983 Domine,
653 2906 790 2988 peceavi.

165 3031 277 3095 Eheu!
310 3029 428 3093 Infelix
451 3050 511 3112 ego
532 3030 639 3109 homo,
684 3032 773 3095 Rom.
797 3031 849 3096 vii.
871 3035 923 3096 24

251 3157 384 3221 Peoeavi
406 3157 477 3234 tibi,
501 3158 652 3231 Domine,

339 3285 431 3366 Saepe
453 3291 487 3348 et
509 3285 647 3368 graviter
668 3287 805 3369 peoeavi,

165 3411 269 3494 quue
291 3410 492 3475 observando
513 3412 672 3476 vanitates
693 3421 726 3476 et
747 3413 924 3478 mendacis.
968 3413 1040 3476 Joa.
1064 3412 1098 3474 ii.
1122 3413 1153 3474 8.

166 3539 243 3602 Non
265 3539 427 3604 absoondo
449 3541 629 3624 quicquam,
652 3563 719 3606 non
740 3562 856 3606 excuso
877 3540 1099 3605 exeusationes
1127 3539 1220 3605 ullas.

254 3665 342 3727 Psal.
367 3665 439 3728 cxli.
462 3671 493 3729 4.
523 3667 597 3749 [sec.
613 3667 702 3750 m]

210 3792 262 3855 Do
283 3792 345 3857 tibi
368 3794 513 3876 gloriam,
537 3795 688 3874 Domine,
711 3794 817 3873 hodie,
862 3795 929 3858 Jos.
953 3794 1007 3858 vii.
1032 3797 1085 3860 19.

167 3920 329 3985 Confiteor
351 3922 518 3986 adversum
540 3944 592 3987 me
614 3923 807 4008 injustitiam
829 3943 943 3987 meam.
982 3923 1217 4008 [Ps.xxxii.5.]

212 4049 297 4113 Vere
319 4071 378 4132 ego
400 4051 526 4133 peceavi
549 4052 699 4130 Domino,

256 4177 300 4239 Et
323 4177 369 4242 sie
391 4187 424 4241 et
446 4179 491 4244 sic
513 4179 583 4245 feei.
628 4182 695 4245 Jos.
718 4180 771 4245 vii.
795 4181 847 4244 20.

171 4304 245 4367 Oh!
278 4305 355 4387 quid
377 4306 462 4370 feci?
513 4309 592 4393 [Jer.
616 4310 682 4374 viii.
706 4310 753 4392 6.]
803 4315 846 4387 et,
869 4315 907 4372 ut
929 4307 1046 4390 dignus
1067 4328 1163 4380 eram,

215 4443 274 4479 rso.
291 4445 387 4482 ranem
688 4452 707 4498 1¹
