<?xml version="1.0" encoding="UTF-8"?>
<!DOCTYPE html PUBLIC "-//W3C//DTD XHTML 1.0 Transitional//EN"
    "http://www.w3.org/TR/xhtml1/DTD/xhtml1-transitional.dtd">
<html xmlns="http://www.w3.org/1999/xhtml" xml:lang="en" lang="en">
 <head>
  <title>
</title>
<meta http-equiv="Content-Type" content="text/html;charset=utf-8" />
  <meta name='ocr-system' content='tesseract 3.04.00' />
  <meta name='ocr-capabilities' content='ocr_page ocr_carea ocr_par ocr_line ocrx_word'/>
</head>
<body>
  <div class='ocr_page' id='page_1' title='image "./precesprivataeq00andrgoog_0242.png"; bbox 0 0 2910 5002; ppageno 0'>
   <div class='ocr_carea' id='block_1_1' title="bbox 205 349 1019 466">
    <p class='ocr_par' dir='ltr' id='par_1_1' title="bbox 205 349 1019 466">
     <span class='ocr_line' id='line_1_1' title="bbox 205 349 1019 466; baseline 0.001 -1"><span class='ocrx_word' id='word_1_1' title='bbox 205 349 207 353; x_wconf 41' lang='grc'>’</span> <span class='ocrx_word' id='word_1_2' title='bbox 235 402 300 465; x_wconf 90' lang='grc'>222</span> <span class='ocrx_word' id='word_1_3' title='bbox 491 399 651 463; x_wconf 67' lang='lat' dir='ltr'>mm</span> <span class='ocrx_word' id='word_1_4' title='bbox 678 399 1019 466; x_wconf 70' lang='grc' dir='ltr'>κΑοΗΜΕΡΙΝΑι.</span> 
     </span>
    </p>
   </div>
   <div class='ocr_carea' id='block_1_2' title="bbox 232 567 951 2697">
    <p class='ocr_par' dir='ltr' id='par_1_2' title="bbox 232 567 951 2697">
     <span class='ocr_line' id='line_1_2' title="bbox 233 567 481 657; baseline 0.004 -24"><span class='ocrx_word' id='word_1_5' title='bbox 233 567 392 657; x_wconf 80' lang='grc' dir='ltr'>Ἔρχεται</span> <span class='ocrx_word' id='word_1_6' title='bbox 414 568 481 651; x_wconf 80' lang='grc' dir='ltr'>νύξ,</span> 
     </span>
     <span class='ocr_line' id='line_1_3' title="bbox 322 694 697 785; baseline 0.008 -23"><span class='ocrx_word' id='word_1_7' title='bbox 322 694 454 785; x_wconf 84' lang='grc' dir='ltr'>ἔρχεται</span> <span class='ocrx_word' id='word_1_8' title='bbox 476 694 531 760; x_wconf 78' lang='grc' dir='ltr'>καὶ</span> <span class='ocrx_word' id='word_1_9' title='bbox 553 694 697 770; x_wconf 82' lang='grc' dir='ltr'>θάνατος,</span> 
     </span>
     <span class='ocr_line' id='line_1_4' title="bbox 451 821 815 895; baseline 0 -7"><span class='ocrx_word' id='word_1_10' title='bbox 451 823 469 888; x_wconf 88' lang='grc' dir='ltr'><strong><em>ὁ</em></strong></span> <span class='ocrx_word' id='word_1_11' title='bbox 492 823 627 893; x_wconf 80' lang='grc' dir='ltr'>θάνατος</span> <span class='ocrx_word' id='word_1_12' title='bbox 648 821 815 895; x_wconf 80' lang='grc' dir='ltr'>ἀθάνατος.</span> 
     </span>
     <span class='ocr_line' id='line_1_5' title="bbox 234 950 678 1038; baseline 0.007 -21"><span class='ocrx_word' id='word_1_13' title='bbox 234 950 350 1035; x_wconf 75' lang='grc' dir='ltr'>Ἔκργῦς</span> <span class='ocrx_word' id='word_1_14' title='bbox 372 951 414 1023; x_wconf 77' lang='grc' dir='ltr'>ὥς</span> <span class='ocrx_word' id='word_1_15' title='bbox 434 951 526 1022; x_wconf 81' lang='grc' dir='ltr'>τέλος</span> <span class='ocrx_word' id='word_1_16' title='bbox 547 950 678 1038; x_wconf 60' lang='grc' dir='ltr'>ἡμέρας)</span> 
     </span>
     <span class='ocr_line' id='line_1_6' title="bbox 363 1073 826 1160; baseline -0.002 -18"><span class='ocrx_word' id='word_1_17' title='bbox 363 1073 445 1143; x_wconf 77' lang='grc' dir='ltr'>οῦτοι</span> <span class='ocrx_word' id='word_1_18' title='bbox 467 1077 522 1142; x_wconf 87' lang='grc' dir='ltr'>καὶ</span> <span class='ocrx_word' id='word_1_19' title='bbox 544 1077 636 1148; x_wconf 83' lang='grc' dir='ltr'>τέλος</span> <span class='ocrx_word' id='word_1_20' title='bbox 658 1079 716 1159; x_wconf 84' lang='grc' dir='ltr'>τῆς</span> <span class='ocrx_word' id='word_1_21' title='bbox 740 1079 826 1160; x_wconf 80' lang='grc' dir='ltr'>ζωῆς.</span> 
     </span>
     <span class='ocr_line' id='line_1_7' title="bbox 235 1203 834 1289; baseline 0.005 -20"><span class='ocrx_word' id='word_1_22' title='bbox 235 1204 441 1289; x_wconf 76' lang='grc' dir='ltr'>Μεμνημένοι</span> <span class='ocrx_word' id='word_1_23' title='bbox 462 1205 518 1271; x_wconf 87' lang='grc' dir='ltr'>οῦν</span> <span class='ocrx_word' id='word_1_24' title='bbox 540 1205 596 1272; x_wconf 81' lang='grc' dir='ltr'>καὶ</span> <span class='ocrx_word' id='word_1_25' title='bbox 617 1203 706 1288; x_wconf 77' lang='grc' dir='ltr'>ἡμεῖς</span> <span class='ocrx_word' id='word_1_26' title='bbox 728 1204 834 1286; x_wconf 84' lang='grc' dir='ltr'>αύτοῦ,</span> 
     </span>
     <span class='ocr_line' id='line_1_8' title="bbox 407 1331 638 1416; baseline 0.013 -19"><span class='ocrx_word' id='word_1_27' title='bbox 407 1331 545 1416; x_wconf 85' lang='grc' dir='ltr'>δεόμεθά</span> <span class='ocrx_word' id='word_1_28' title='bbox 567 1361 638 1414; x_wconf 82' lang='grc' dir='ltr'>σου,</span> 
     </span>
     <span class='ocr_line' id='line_1_9' title="bbox 232 1460 770 1545; baseline 0.011 -18"><span class='ocrx_word' id='word_1_29' title='bbox 232 1486 318 1527; x_wconf 85' lang='grc' dir='ltr'>ωστε</span> <span class='ocrx_word' id='word_1_30' title='bbox 338 1460 427 1544; x_wconf 77' lang='grc' dir='ltr'>ἡμῶν</span> <span class='ocrx_word' id='word_1_31' title='bbox 448 1460 490 1526; x_wconf 79' lang='grc' dir='ltr'>τὰ</span> <span class='ocrx_word' id='word_1_32' title='bbox 511 1460 590 1541; x_wconf 76' lang='grc' dir='ltr'>τέλη</span> <span class='ocrx_word' id='word_1_33' title='bbox 613 1467 669 1544; x_wconf 78' lang='grc' dir='ltr'>τῆς</span> <span class='ocrx_word' id='word_1_34' title='bbox 693 1467 770 1545; x_wconf 78' lang='grc' dir='ltr'>ζωῆς</span> 
     </span>
     <span class='ocr_line' id='line_1_10' title="bbox 318 1587 782 1677; baseline 0.004 -24"><span class='ocrx_word' id='word_1_35' title='bbox 318 1589 514 1676; x_wconf 82' lang='grc' dir='ltr'>Χριστιανὰ,</span> <span class='ocrx_word' id='word_1_36' title='bbox 537 1589 592 1654; x_wconf 85' lang='grc' dir='ltr'>καὶ</span> <span class='ocrx_word' id='word_1_37' title='bbox 613 1587 782 1677; x_wconf 80' lang='grc' dir='ltr'>εῦύρεστα,</span> 
     </span>
     <span class='ocr_line' id='line_1_11' title="bbox 360 1716 853 1806; baseline 0 -24"><span class='ocrx_word' id='word_1_38' title='bbox 360 1716 575 1805; x_wconf 80' lang='grc' dir='ltr'>ἅναμάρτητα,</span> <span class='ocrx_word' id='word_1_39' title='bbox 598 1716 853 1806; x_wconf 81' lang='grc' dir='ltr'>ἀνεπαίσχυντα,</span> 
     </span>
     <span class='ocr_line' id='line_1_12' title="bbox 451 1840 884 1928; baseline 0 -20"><span class='ocrx_word' id='word_1_40' title='bbox 451 1841 524 1927; x_wconf 84' lang='grc' dir='ltr'>(κᾶν</span> <span class='ocrx_word' id='word_1_41' title='bbox 545 1868 599 1908; x_wconf 90' lang='grc' dir='ltr'>σοι</span> <span class='ocrx_word' id='word_1_42' title='bbox 621 1840 708 1928; x_wconf 78' lang='grc' dir='ltr'>δοκῇ)</span> <span class='ocrx_word' id='word_1_43' title='bbox 733 1842 884 1920; x_wconf 78' lang='grc' dir='ltr'>ἀνώδυνα,</span> 
     </span>
     <span class='ocr_line' id='line_1_13' title="bbox 232 1969 886 2060; baseline -0.003 -22"><span class='ocrx_word' id='word_1_44' title='bbox 232 1974 265 2038; x_wconf 77' lang='grc' dir='ltr'>ἐν</span> <span class='ocrx_word' id='word_1_45' title='bbox 286 1971 393 2060; x_wconf 80' lang='grc' dir='ltr'>εἰρήνῃ</span> <span class='ocrx_word' id='word_1_46' title='bbox 415 1971 617 2052; x_wconf 86' lang='grc' dir='ltr'>κατευθῦναι,</span> <span class='ocrx_word' id='word_1_47' title='bbox 640 1969 750 2059; x_wconf 87' lang='grc' dir='ltr'>Κύριε,</span> <span class='ocrx_word' id='word_1_48' title='bbox 775 1971 886 2054; x_wconf 89' lang='grc' dir='ltr'>Κύριε,</span> 
     </span>
     <span class='ocr_line' id='line_1_14' title="bbox 263 2089 713 2182; baseline 0.002 -19"><span class='ocrx_word' id='word_1_49' title='bbox 263 2089 266 2094; x_wconf 46' lang='grc'>’</span> <span class='ocrx_word' id='word_1_50' title='bbox 402 2097 607 2182; x_wconf 75' lang='grc' dir='ltr'>ἐπισννύιγων</span> <span class='ocrx_word' id='word_1_51' title='bbox 627 2096 713 2182; x_wconf 71' lang='grc' dir='ltr'>ἡμῦνς</span> 
     </span>
     <span class='ocr_line' id='line_1_15' title="bbox 314 2202 951 2298; baseline 0 -6"><span class='ocrx_word' id='word_1_52' title='bbox 314 2225 378 2292; x_wconf 83' lang='grc' dir='ltr'>ὑπὸ</span> <span class='ocrx_word' id='word_1_53' title='bbox 399 2227 473 2298; x_wconf 89' lang='grc' dir='ltr'>τοῦς</span> <span class='ocrx_word' id='word_1_54' title='bbox 494 2226 597 2298; x_wconf 85' lang='grc' dir='ltr'>πόδας</span> <span class='ocrx_word' id='word_1_55' title='bbox 619 2202 683 2294; x_wconf 83' lang='grc' dir='ltr'>τῶν</span> <span class='ocrx_word' id='word_1_56' title='bbox 705 2227 867 2295; x_wconf 80' lang='grc' dir='ltr'>ἐκλεκτῶν</span> <span class='ocrx_word' id='word_1_57' title='bbox 889 2253 951 2294; x_wconf 91' lang='grc' dir='ltr'>σον</span> 
     </span>
     <span class='ocr_line' id='line_1_16' title="bbox 356 2354 821 2432; baseline 0.015 -12"><span class='ocrx_word' id='word_1_58' title='bbox 356 2355 409 2420; x_wconf 78' lang='grc' dir='ltr'>ὅτε</span> <span class='ocrx_word' id='word_1_59' title='bbox 431 2354 544 2431; x_wconf 80' lang='grc' dir='ltr'>θέλεις,</span> <span class='ocrx_word' id='word_1_60' title='bbox 568 2357 622 2423; x_wconf 85' lang='grc' dir='ltr'>καὶ</span> <span class='ocrx_word' id='word_1_61' title='bbox 644 2356 687 2427; x_wconf 77' lang='grc' dir='ltr'>ὥς</span> <span class='ocrx_word' id='word_1_62' title='bbox 709 2357 821 2432; x_wconf 79' lang='grc' dir='ltr'>θέλεις,</span> 
     </span>
     <span class='ocr_line' id='line_1_17' title="bbox 354 2482 840 2574; baseline 0.004 -26"><span class='ocrx_word' id='word_1_63' title='bbox 354 2482 451 2566; x_wconf 78' lang='grc' dir='ltr'>μόνον</span> <span class='ocrx_word' id='word_1_64' title='bbox 471 2483 570 2571; x_wconf 82' lang='grc' dir='ltr'>χωρὶς</span> <span class='ocrx_word' id='word_1_65' title='bbox 592 2483 762 2574; x_wconf 78' lang='grc' dir='ltr'>αἰσχύνης,</span> <span class='ocrx_word' id='word_1_66' title='bbox 785 2484 840 2552; x_wconf 86' lang='grc' dir='ltr'>καὶ</span> 
     </span>
     <span class='ocr_line' id='line_1_18' title="bbox 399 2607 645 2697; baseline 0.008 -23"><span class='ocrx_word' id='word_1_67' title='bbox 399 2607 645 2697; x_wconf 79' lang='grc' dir='ltr'>ἁμαρτημάτων.</span> 
     </span>
    </p>
   </div>
   <div class='ocr_carea' id='block_1_3' title="bbox 225 2798 1125 3272">
    <p class='ocr_par' dir='ltr' id='par_1_3' title="bbox 225 2798 1125 3272">
     <span class='ocr_line' id='line_1_19' title="bbox 226 2798 1125 2891; baseline 0.003 -26"><span class='ocrx_word' id='word_1_68' title='bbox 226 2798 422 2883; x_wconf 77' lang='grc' dir='ltr'>Μνησθῆναι</span> <span class='ocrx_word' id='word_1_69' title='bbox 442 2804 506 2867; x_wconf 82' lang='grc' dir='ltr'>τῶν</span> <span class='ocrx_word' id='word_1_70' title='bbox 526 2799 650 2887; x_wconf 78' lang='grc' dir='ltr'>ἡμερῶν</span> <span class='ocrx_word' id='word_1_71' title='bbox 671 2805 727 2866; x_wconf 90' lang='grc' dir='ltr'>τοῦ</span> <span class='ocrx_word' id='word_1_72' title='bbox 749 2801 894 2891; x_wconf 85' lang='grc' dir='ltr'>σκύτους,</span> <span class='ocrx_word' id='word_1_73' title='bbox 916 2801 968 2867; x_wconf 79' lang='grc' dir='ltr'>ὅτι</span> <span class='ocrx_word' id='word_1_74' title='bbox 989 2803 1125 2878; x_wconf 85' lang='grc' dir='ltr'>πολλοὶ,</span> 
     </span>
     <span class='ocr_line' id='line_1_20' title="bbox 311 2927 1091 3018; baseline 0.003 -24"><span class='ocrx_word' id='word_1_75' title='bbox 311 2928 355 2999; x_wconf 92' lang='grc' dir='ltr'>ει’ς</span> <span class='ocrx_word' id='word_1_76' title='bbox 376 2927 477 3010; x_wconf 79' lang='grc' dir='ltr'>τὸμὴ</span> <span class='ocrx_word' id='word_1_77' title='bbox 501 2927 702 3011; x_wconf 81' lang='grc' dir='ltr'>ἐκβληθῆναι</span> <span class='ocrx_word' id='word_1_78' title='bbox 724 2928 769 3000; x_wconf 85' lang='grc' dir='ltr'>εἰς</span> <span class='ocrx_word' id='word_1_79' title='bbox 790 2928 905 2999; x_wconf 85' lang='grc' dir='ltr'>σκότος</span> <span class='ocrx_word' id='word_1_80' title='bbox 928 2929 1091 3018; x_wconf 79' lang='grc' dir='ltr'>ἐξώτερον.</span> 
     </span>
     <span class='ocr_line' id='line_1_21' title="bbox 225 3055 853 3144; baseline 0.006 -23"><span class='ocrx_word' id='word_1_81' title='bbox 225 3056 420 3139; x_wconf 86' lang='grc' dir='ltr'>Μνησθῆναι</span> <span class='ocrx_word' id='word_1_82' title='bbox 441 3055 496 3121; x_wconf 84' lang='grc' dir='ltr'>καὶ</span> <span class='ocrx_word' id='word_1_83' title='bbox 518 3056 645 3144; x_wconf 80' lang='grc' dir='ltr'>φθάσαι</span> <span class='ocrx_word' id='word_1_84' title='bbox 666 3057 724 3141; x_wconf 72' lang='grc' dir='ltr'>τὴν</span> <span class='ocrx_word' id='word_1_85' title='bbox 745 3056 853 3139; x_wconf 83' lang='grc' dir='ltr'>νύκτα,</span> 
     </span>
     <span class='ocr_line' id='line_1_22' title="bbox 310 3184 740 3272; baseline 0.014 -24"><span class='ocrx_word' id='word_1_86' title='bbox 310 3184 535 3272; x_wconf 67' lang='grc' dir='ltr'>ἐργαζομένους</span> <span class='ocrx_word' id='word_1_87' title='bbox 556 3185 677 3269; x_wconf 69' lang='grc' dir='ltr'>ἀγαθόν</span> <span class='ocrx_word' id='word_1_88' title='bbox 698 3214 740 3254; x_wconf 94' lang='grc' dir='ltr'>τι.</span> 
     </span>
    </p>
   </div>
   <div class='ocr_carea' id='block_1_4' title="bbox 224 3379 885 3594">
    <p class='ocr_par' dir='ltr' id='par_1_4' title="bbox 224 3379 885 3594">
     <span class='ocr_line' id='line_1_23' title="bbox 568 3379 822 3468; baseline 0.012 -24"><span class='ocrx_word' id='word_1_89' title='bbox 568 3379 686 3464; x_wconf 73' lang='grc' dir='ltr'>Ἐγγύς</span> <span class='ocrx_word' id='word_1_90' title='bbox 709 3409 822 3468; x_wconf 83' lang='grc' dir='ltr'>κρισις,</span> 
     </span>
     <span class='ocr_line' id='line_1_24' title="bbox 224 3505 885 3594; baseline -0.003 -19"><span class='ocrx_word' id='word_1_91' title='bbox 224 3507 340 3592; x_wconf 71' lang='grc' dir='ltr'>Καλὴν</span> <span class='ocrx_word' id='word_1_92' title='bbox 362 3507 417 3573; x_wconf 82' lang='grc' dir='ltr'>καὶ</span> <span class='ocrx_word' id='word_1_93' title='bbox 437 3505 672 3594; x_wconf 82' lang='grc' dir='ltr'>εύττρύσδεκτον</span> <span class='ocrx_word' id='word_1_94' title='bbox 694 3506 885 3591; x_wconf 73' lang='grc' dir='ltr'>ἀπολογίαν,</span> 
     </span>
    </p>
   </div>
   <div class='ocr_carea' id='block_1_5' title="bbox 308 3634 1276 3725">
    <p class='ocr_par' dir='ltr' id='par_1_5' title="bbox 308 3634 1276 3725">
     <span class='ocr_line' id='line_1_25' title="bbox 308 3634 1276 3725; baseline 0.002 -23"><span class='ocrx_word' id='word_1_95' title='bbox 308 3636 364 3702; x_wconf 80' lang='grc' dir='ltr'>ἐπὶ</span> <span class='ocrx_word' id='word_1_96' title='bbox 383 3638 439 3703; x_wconf 89' lang='grc' dir='ltr'>τοῦ</span> <span class='ocrx_word' id='word_1_97' title='bbox 457 3635 601 3724; x_wconf 81' lang='grc' dir='ltr'>φοβεροῦ</span> <span class='ocrx_word' id='word_1_98' title='bbox 615 3635 670 3701; x_wconf 89' lang='grc' dir='ltr'>καὶ</span> <span class='ocrx_word' id='word_1_99' title='bbox 684 3638 821 3722; x_wconf 81' lang='grc' dir='ltr'>φρικτοῦ</span> <span class='ocrx_word' id='word_1_100' title='bbox 835 3634 984 3719; x_wconf 74' lang='grc' dir='ltr'>βήματος</span> <span class='ocrx_word' id='word_1_101' title='bbox 997 3634 1106 3719; x_wconf 87' lang='grc' dir='ltr'>Ἰησοῦ</span> <span class='ocrx_word' id='word_1_102' title='bbox 1120 3639 1276 3725; x_wconf 82' lang='grc' dir='ltr'>Χριστοῦ,</span> 
     </span>
    </p>
   </div>
   <div class='ocr_carea' id='block_1_6' title="bbox 394 3762 826 3854">
    <p class='ocr_par' dir='ltr' id='par_1_6' title="bbox 394 3762 826 3854">
     <span class='ocr_line' id='line_1_26' title="bbox 394 3762 826 3854; baseline 0 -24"><span class='ocrx_word' id='word_1_103' title='bbox 394 3765 535 3854; x_wconf 81' lang='grc' dir='ltr'>χάρισαι</span> <span class='ocrx_word' id='word_1_104' title='bbox 557 3763 644 3848; x_wconf 83' lang='grc' dir='ltr'>ἡμῖν,</span> <span class='ocrx_word' id='word_1_105' title='bbox 667 3762 692 3831; x_wconf 84' lang='grc' dir='ltr'><em>ὥ</em></span> <span class='ocrx_word' id='word_1_106' title='bbox 715 3763 826 3852; x_wconf 89' lang='grc' dir='ltr'>Κύριε.</span> 
     </span>
    </p>
   </div>
   <div class='ocr_carea' id='block_1_7' title="bbox 219 4017 973 4234">
    <p class='ocr_par' dir='ltr' id='par_1_7' title="bbox 219 4017 973 4234">
     <span class='ocr_line' id='line_1_27' title="bbox 219 4017 849 4108; baseline 0.003 -24"><span class='ocrx_word' id='word_1_107' title='bbox 219 4017 278 4086; x_wconf 88' lang='grc' dir='ltr'>Ἐν</span> <span class='ocrx_word' id='word_1_108' title='bbox 298 4023 369 4088; x_wconf 88' lang='grc' dir='ltr'>ταῖς</span> <span class='ocrx_word' id='word_1_109' title='bbox 390 4019 479 4103; x_wconf 82' lang='grc' dir='ltr'>νυξὶν</span> <span class='ocrx_word' id='word_1_110' title='bbox 501 4019 638 4105; x_wconf 68' lang='grc' dir='ltr'>ἐπαείραο</span> <span class='ocrx_word' id='word_1_111' title='bbox 661 4017 719 4090; x_wconf 70' lang='grc' dir='ltr'>τὰς</span> <span class='ocrx_word' id='word_1_112' title='bbox 739 4025 849 4108; x_wconf 85' lang='grc' dir='ltr'>χεῖρας</span> 
     </span>
     <span class='ocr_line' id='line_1_28' title="bbox 306 4146 973 4234; baseline -0.004 -20"><span class='ocrx_word' id='word_1_113' title='bbox 306 4148 350 4218; x_wconf 84' lang='grc' dir='ltr'>εἰς</span> <span class='ocrx_word' id='word_1_114' title='bbox 371 4147 414 4214; x_wconf 81' lang='grc' dir='ltr'>τὰ</span> <span class='ocrx_word' id='word_1_115' title='bbox 434 4146 521 4231; x_wconf 75' lang='grc' dir='ltr'>ύηια,</span> <span class='ocrx_word' id='word_1_116' title='bbox 543 4149 598 4214; x_wconf 86' lang='grc' dir='ltr'>καὶ</span> <span class='ocrx_word' id='word_1_117' title='bbox 620 4148 743 4231; x_wconf 69' lang='grc' dir='ltr'>εὐλογῶ</span> <span class='ocrx_word' id='word_1_118' title='bbox 765 4148 821 4213; x_wconf 84' lang='grc' dir='ltr'>τὸν</span> <span class='ocrx_word' id='word_1_119' title='bbox 844 4147 973 4234; x_wconf 91' lang='grc' dir='ltr'>Κύριον.</span> 
     </span>
    </p>
   </div>
   <div class='ocr_carea' id='block_1_8' title="bbox 220 4271 1059 4364">
    <p class='ocr_par' dir='ltr' id='par_1_8' title="bbox 220 4271 1059 4364">
     <span class='ocr_line' id='line_1_29' title="bbox 220 4271 1059 4364; baseline 0.001 -25"><span class='ocrx_word' id='word_1_120' title='bbox 220 4277 284 4358; x_wconf 77' lang='grc' dir='ltr'>Τῆς</span> <span class='ocrx_word' id='word_1_121' title='bbox 304 4275 422 4364; x_wconf 76' lang='grc' dir='ltr'>ἡμέρας</span> <span class='ocrx_word' id='word_1_122' title='bbox 443 4274 622 4341; x_wconf 78' lang='grc' dir='ltr'>ἐνετείλατο</span> <span class='ocrx_word' id='word_1_123' title='bbox 645 4274 765 4363; x_wconf 88' lang='grc' dir='ltr'>Κύριος</span> <span class='ocrx_word' id='word_1_124' title='bbox 786 4274 823 4340; x_wconf 83' lang='grc' dir='ltr'>τὸ</span> <span class='ocrx_word' id='word_1_125' title='bbox 844 4273 932 4346; x_wconf 77' lang='grc' dir='ltr'>ἔλεος</span> <span class='ocrx_word' id='word_1_126' title='bbox 953 4271 1059 4348; x_wconf 80' lang='grc' dir='ltr'>αὐτοῦ,</span> 
     </span>
    </p>
   </div>
   <div class='ocr_carea' id='block_1_9' title="bbox 0 0 1460 5002">
    <p class='ocr_par' dir='ltr' id='par_1_9' title="bbox 0 0 1460 5002">
     <span class='ocr_line' id='line_1_30' title="bbox 0 0 1460 5002; baseline 0 2"><span class='ocrx_word' id='word_1_127' title='bbox 0 0 1460 5002; x_wconf 95' lang='lat' dir='ltr'> </span> 
     </span>
    </p>
   </div>
  </div>
 </body>
</html>
