2910 5002
455 426 628 500 Puucns
652 429 972 502 QUOTIDIANAE.
1194 438 1260 503 133

280 602 371 670 Nolo
391 611 530 669 mortem
551 604 739 689 peccatoris,

197 733 368 798 Quantum
390 737 429 795 ut
448 737 628 795 revertatrn
648 731 770 814 impius
790 752 812 796 a
832 731 885 796 via
905 752 965 796 sua

327 865 361 923 et
381 857 479 923 vivat.

198 983 442 1063 convertimini,
464 983 691 1049 convertimini
712 1005 733 1048 a
753 985 813 1049 viis

457 1110 572 1176 vestris
592 1111 748 1196 pessimis,

284 1247 317 1305 et
333 1258 431 1324 quare
438 1229 632 1318 moriemini,
644 1238 771 1305 Domus
781 1240 906 1304 Israel?
924 1238 1174 1326 [Raeciuxxxiii.
1188 1242 1255 1330 11.]

229 1373 231 1376 ’
326 1369 486 1433 Converte
507 1387 577 1446 nos,
600 1362 752 1447 Domine,
776 1367 817 1432 ad
836 1374 883 1448 te,

456 1501 490 1558 et
511 1500 749 1559 convertemur.
791 1495 882 1560 Lam.
904 1515 934 1561 v.
957 1499 1012 1562 21.
1125 1563 1127 1569 ,

199 1624 358 1688 Converte
377 1643 438 1687 nos
460 1621 501 1687 ab
523 1620 675 1687 omnibus
695 1613 927 1706 iniquitatibus
942 1622 1072 1705 nostris,

285 1754 319 1813 et
339 1768 382 1812 ne
403 1747 469 1811 sint
489 1747 583 1812 nobis
602 1748 639 1811 in
658 1748 799 1813 ruinam.
842 1749 960 1815 Erech.
981 1749 1069 1816 xviii.
1088 1752 1144 1817 30.

199 1875 341 1954 Peccavi,
363 1875 567 1960 iniquitatem
588 1876 662 1955 feci,
683 1876 782 1960 impie
804 1877 856 1960 egi
877 1882 911 1942 et
931 1879 1058 1958 recessi,

285 2010 318 2068 et
340 2002 498 2068 declinavi
518 2024 538 2067 a
559 2003 720 2068 mandatis
741 2004 808 2069 tuis
830 2026 868 2069 ac
887 2005 1032 2090 judiciis.
1069 2006 1156 2071 Dan.
1172 2007 1254 2072 ix.5

517 2130 601 2211 Tibi,
624 2131 774 2211 Domine,
794 2132 934 2216 justitia,

243 2257 332 2323 Mihi
352 2263 461 2322 autem
484 2256 631 2322 confusio
651 2259 755 2337 faciei,

362 2418 367 2427 ·
423 2387 507 2451 sicut
527 2393 578 2451 est
599 2386 706 2466 hodie,

199 2514 235 2578 in
256 2514 496 2599 contemptione
516 2514 631 2595 nostri,
655 2536 719 2598 qua
739 2536 798 2580 nos
820 2517 1053 2602 contempsisti.
1086 2519 1193 2603 [Vere.
1211 2514 1258 2605 7.]

291 2642 442 2723 Domine,
465 2641 560 2707 nobis
584 2640 730 2708 confusio
751 2643 854 2723 faciei,

417 2777 451 2835 et
470 2761 672 2854 principibus
693 2772 824 2851 nostris,

373 2897 429 2980 qui
449 2897 651 2981 peccavimus
672 2897 751 2962 tibi.
794 2899 899 2983 [Vero.
915 2896 961 2984 8.]

288 3023 428 3089 Domine
449 3023 485 3087 in
506 3023 657 3089 omnibus
676 3024 804 3108 justitia
825 3030 892 3104 tus,

371 3152 408 3215 in
429 3171 560 3215 omnem
579 3151 743 3236 justitiam
764 3160 866 3229 tuam,

244 3278 429 3356 Avertatur,
451 3275 592 3356 obsecro,
615 3276 672 3339 ira
685 3281 751 3356 tua,
772 3281 808 3340 et
829 3274 919 3340 tirror
939 3282 1027 3357 tuus,
1062 3277 1255 3363 [Vers.16.]

417 3409 451 3468 et
472 3403 605 3468 ostende
626 3402 742 3467 faciem
763 3410 854 3467 tuam

461 3551 557 3614 super
578 3551 705 3595 servum
726 3536 831 3596 tuum.
881 3531 989 3614 [Vere.
1013 3531 1081 3614 17.]

246 3653 384 3733 Inclina,
406 3654 497 3719 Deua
518 3675 620 3734 meus,
644 3675 753 3718 aurem
774 3661 876 3732 tuam,
899 3660 932 3718 et
954 3654 1039 3732 audi,

334 3780 421 3866 aperi
442 3783 551 3847 oculos
573 3789 657 3861 tuos,
680 3787 713 3844 et
734 3779 806 3844 vide

377 3909 608 3975 desolationem
629 3928 745 3972 meam.
795 3907 903 3991 [Vera.
928 3905 995 3990 18.]

247 4036 383 4117 Exaudi,
406 4039 558 4117 Domine,
581 4037 718 4121 placare,
742 4034 892 4114 Domine,
916 4034 1057 4114 attende,
1080 4032 1231 4111 Domine,

248 4166 391 4247 attende,
415 4167 567 4246 Domine,
591 4173 625 4231 et
647 4165 708 4242 fac,
730 4165 791 4244 fac,
815 4171 848 4228 et
869 4185 912 4228 ne
933 4163 1077 4243 moreris,

289 4302 420 4379 propter
442 4294 649 4379 temetipsum
673 4292 822 4371 Domine,
847 4291 986 4356 Domine
1009 4291 1098 4357 Deus
1119 4311 1221 4379 meus,
