2910 5002
467 426 640 493 Pnucus
663 425 982 495 QUOTIDIANAE

341 594 533 660 Psrentibus
555 596 635 660 meis
655 594 749 660 bonis
770 603 868 681 atque
889 596 1042 676 honestis,

341 721 511 806 Magistris
531 723 676 803 mitibus,

341 848 607 913 Bencfsctoribus
628 857 759 915 aetemoe
780 851 952 929 memoriae,

198 983 260 1046 Pro
344 976 536 1060 Symmystis
557 976 643 1040 idem
665 977 888 1056 sentientibus,

252 1190 257 1197 .
341 1103 555 1169 Auditoribus
576 1105 725 1183 cordatis,

343 1232 467 1297 Amicis
489 1232 659 1314 germanis,

343 1359 536 1425 Domesticis
557 1359 723 1439 fidelibus;

198 1495 261 1557 Pro
282 1489 433 1556 omuibus

519 1615 653 1698 Scriptis

518 1745 737 1810 concionibus

517 1861 694 1957 Colloquiis

284 2005 339 2088 qui
362 2003 442 2068 mibi
518 2002 671 2067 Precibus
922 2005 1129 2089 profuerunt;

484 2098 490 2174 1
518 2131 680 2215 Exemplis

519 2259 834 2343 Reprehensionibus

519 2387 653 2472 Injuriis

198 2519 262 2582 Pro
283 2517 334 2581 bis
356 2516 516 2596 omuibus,
539 2516 753 2600 omnibusque
776 2518 854 2596 aliis,

242 2645 391 2728 cognitis,
414 2644 597 2728 incognitis,

242 2771 428 2844 manifestis,
451 2771 595 2850 occiiltis,

243 2921 315 2983 quae
336 2899 493 2978 recordor,
518 2921 589 2984 quae
611 2900 730 2965 oblitus
754 2923 836 2980 sum,

242 3023 359 3107 quibus
380 3023 489 3088 volens
511 3025 561 3089 vel
583 3024 704 3088 invitus
726 3048 797 3090 sum
821 3027 972 3108 affectus;

199 3150 363 3215 Confiwor
383 3149 444 3215 tibi
499 3150 696 3343 }benedicc
798 3154 970 3346 }gratiss
993 3178 1053 3240 ago

242 3285 276 3341 et
297 3277 484 3352 confitebor,

287 3405 437 3469 omuibus
459 3406 571 3470 diebus
592 3406 667 3470 vitae
689 3428 779 3472 meae.

540 3286 574 3342 et
596 3278 794 3353 benedicam,

201 3533 283 3599 Quis
304 3555 364 3617 ego
386 3556 469 3614 sum,
492 3535 632 3599 Domine
655 3537 754 3614 Deus,
778 3544 812 3599 et
833 3558 904 3619 quae
926 3538 1040 3602 domus

503 3662 609 3725 Patris
631 3663 705 3741 mci,

286 3789 440 3874 quonism
462 3791 628 3874 respexisti
651 3811 746 3873 super
767 3811 878 3854 canem
902 3797 1068 3854 mortuum

374 3916 512 3980 similem
534 3917 624 3980 mei?
669 3920 690 3981 2
714 3916 800 3980 Sam.
825 3915 876 3978 vit
903 3918 954 3981 18.
978 3923 1011 3980 et
1033 3917 1075 3980 is.
1098 3919 1128 3981 8.

201 4044 289 4112 Quid
312 4045 489 4109 retribuam
511 4045 653 4111 Domino
675 4067 732 4128 pro
755 4043 905 4109 omnibus

289 4193 359 4255 quae
381 4173 532 4237 retribuit
555 4174 660 4236 mihi?
704 4174 794 4236 Psal.
816 4173 896 4236 cxvi.
923 4174 974 4237 12.

245 4314 304 4350 ssu.
325 4314 422 4350 essess-
818 4319 841 4365 υ

849 3289 882 3346 et
904 3281 1022 3365 gratiss
1045 3303 1148 3364 egam,

1190 425 1250 491 145
