2910 5002
198 430 262 492 ero
479 382 648 492 eruens
679 427 1000 495 anonumum.

401 870 572 937 ORATIO
595 871 699 936 ΤΗΟ.
724 872 1076 952 BRADWARDINI,

383 1062 454 1128 Lib.
480 1064 508 1128 Ι.
533 1065 583 1129 De
606 1063 748 1142 Virtute,
773 1084 842 1147 cap.
866 1062 887 1126 i.
911 1061 1020 1126 eoroll.
1043 1062 1105 1161 39..

251 1288 412 1372 Teipsum,
437 1289 526 1353 Deus
548 1310 649 1368 meus,
674 1287 825 1372 'l'eipsum
849 1293 979 1372 propter
1001 1285 1154 1370 Teipsum
1177 1305 1283 1370 super

211 1417 274 1481 elia
299 1426 416 1482 cuneta
442 1440 523 1482 amo.
570 1418 721 1502 'seipsum
747 1416 904 1481 desidero.
948 1415 1100 1500 'reipsum
1129 1415 1283 1479 finaliter

211 1546 410 1631 concupisco.
455 1546 608 1631 'l'eipsum
630 1553 761 1631 propter
783 1545 946 1629 Teipsum,
969 1565 1037 1609 non
1058 1542 1146 1608 aliud
1168 1541 1280 1627 quod·

209 1673 299 1754 libet,
323 1696 450 1760 semper
471 1682 504 1740 et
525 1676 561 1739 in
583 1675 735 1740 omnibus
759 1696 875 1759 quaero.
921 1675 971 1738 Ex
985 1674 1064 1738 totis
1085 1672 1167 1736 meis
1188 1693 1279 1757 prae·

211 1804 326 1870 eordiis
348 1812 381 1869 et
410 1805 569 1884 medullis,
593 1827 667 1870 oum
689 1805 814 1889 gemitu
836 1812 869 1868 et
898 1803 1036 1888 ploratu,
1059 1824 1133 1868 eum
1162 1800 1280 1867 labore

212 1933 375 2012 continuo,
399 1941 432 1999 et
463 1933 581 1998 dolore.
627 1932 715 2000 Quid
745 1954 823 2016 ergo
852 1931 994 1996 finaliter
1022 1930 1102 1994 mibi
1131 1929 1279 1995 reddes?

214 2061 250 2126 Si
278 2084 345 2127 non
371 2062 523 2146 'l'eipsum
547 2062 628 2126 mihi
653 2061 838 2140 reddideris,
864 2060 948 2124 nihil
977 2058 1093 2125 reddis.
1139 2059 1175 2123 Si
1203 2079 1279 2123 non

211 2190 362 2274 'Peipsum
384 2190 464 2254 mihi
493 2189 672 2267 donaveris,
700 2189 782 2253 nihil
812 2189 923 2253 donas.
970 2187 1096 2252 Sinon
1119 2162 1278 2269 'seipsum

211 2317 349 2398 invenio,
380 2319 465 2385 nihil
494 2319 632 2384 invenio.
686 2319 912 2402 Nequioquam
942 2339 996 2383 me
1025 2316 1182 2403 praemiss,
1214 2314 1278 2379 sed

211 2447 333 2511 crucias
355 2447 572 2512 vehementer.
618 2446 715 2512 Prius
738 2446 825 2510 enim
848 2469 946 2532 quam
968 2448 1014 2511 Te
1037 2444 1178 2530 quaesivi,
1202 2464 1278 2528 spe-

210 2573 277 2638 ravi
292 2575 338 2638 'Pe
359 2575 491 2639 tandem
513 2575 668 2655 invenire,
684 2580 718 2639 et
740 2581 861 2638 tenere.
906 2575 952 2638 ut
972 2574 1034 2639 hae
1048 2594 1103 2658 spe
1117 2573 1277 2638 melliflua

210 2699 246 2762 in
275 2701 425 2765 omnibus
453 2700 617 2765 laboribus
647 2701 727 2765 meis
756 2700 894 2765 dulciter
922 2700 1120 2765 consolabar.
1173 2701 1277 2764 Nune

211 2834 320 2892 autem
342 2829 369 2892 si
389 2829 541 2912 Teipsum
562 2828 643 2891 mihi
658 2828 833 2912 negaveris,
851 2827 1001 2913 quiequid
1024 2827 1112 2892 aliud
1134 2827 1275 2908 dederis,

210 2961 304 3019 tanta
333 2977 387 3039 spe
417 2956 590 3019 frustratus
622 2956 694 3038 (nee
724 2954 765 3019 ad
793 2962 923 3038 tempus
952 2955 1125 3036 modicum,
1156 2955 1275 3019 sedin

211 3084 413 3166 perpetuum)
455 3104 565 3147 nonne
603 3104 729 3166 semper
765 3103 873 3146 amore
909 3081 1078 3166 languebo,
1115 3081 1275 3167 languore

211 3209 363 3289 moerebo,
397 3231 534 3275 moerore
567 3210 691 3289 dolebo,
726 3210 834 3274 dolore
863 3210 981 3294 lugebo
1011 3217 1044 3275 et
1073 3209 1166 3289 flebo,
1197 3210 1275 3295 quia

209 3357 336 3419 semper
356 3337 463 3401 inanis
492 3345 525 3402 et
547 3359 667 3402 vacuus
696 3339 894 3403 remanebo?
939 3340 1061 3403 Nonne
1089 3338 1273 3404 inconsola-

210 3463 321 3528 biliter
358 3465 598 3529 contristabor?
642 3467 876 3531 incessabiliter
913 3467 1128 3551 querulabori
1172 3467 1274 3531 inter-

210 3593 406 3658 minabiliter
428 3594 620 3659 cruciabor?
665 3596 742 3659 Non
765 3602 814 3659 est
828 3595 890 3660 boo
912 3598 1028 3670 Tuum,
1052 3596 1183 3680 optime,
1206 3596 1272 3660 ele-

210 3721 418 3802 mentissimo,
435 3721 655 3786 amantissime
678 3722 768 3786 lleus
778 3749 787 3800 3
810 3723 996 3786 nullatenus
1018 3721 1177 3806 congruit,
1192 3743 1272 3786 nus·

211 3873 307 3935 quam
330 3852 431 3916 decet.
478 3853 542 3916 Fae
563 3853 673 3936 igitur,
697 3853 818 3936 optime
847 3852 936 3915 Deus
958 3873 1059 3932 meus,
1082 3859 1120 3916 ut
1148 3852 1184 3915 in
1206 3851 1275 3916 vita

210 3980 359 4060 praesenti
390 4001 514 4063 semper
544 3981 692 4064 Teipsum
725 3987 855 4064 propter
887 3979 1040 4063 'I'eipsum
1070 3999 1176 4043 amem
1205 3999 1273 4062 prae

210 4107 370 4186 omnibus,
395 4129 535 4191 quaeram
558 4108 594 4171 in
615 4108 776 4187 omnibus,
801 4116 833 4174 et
863 4109 996 4173 tandem
1025 4107 1061 4205 in
1090 4107 1201 4171 futura
1222 4106 1274 4169 in·

210 4236 336 4301 veniam
359 4257 395 4301 ae
417 4243 545 4301 teneam
568 4236 603 4300 in
626 4244 791 4300 aeternum.
