2910 5002
205 436 271 497 380
477 434 648 499 PRECES
672 434 993 501 QUOTIDIANAE.

735 607 920 683 omnisne,

338 737 370 800 A
391 743 523 819 peccato
545 735 679 819 ejusque
739 736 876 817 Fomite,

738 864 896 930 Peniculo.

210 994 302 1058 Sicut
324 993 411 1058 onim
433 993 626 1076 poenitentia
647 993 785 1058 destruit
806 1001 917 1059 vetere
936 1003 1078 1079 peeoris,

341 1121 395 1186 Sic
417 1143 501 1186 nove
520 1129 652 1207 peceato
672 1121 909 1206 poenitentinm.

546 1366 657 1430 Oratio
681 1367 933 1449 Properotorio.

211 1502 362 1581 Domine,
383 1510 533 1586 paratum
556 1510 607 1567 est
628 1524 683 1568 eor
704 1524 833 1569 meum:

389 1631 447 1715 (sio
469 1630 603 1708 Psnltes,
646 1632 735 1696 Psol.
758 1632 841 1696 eviii.
867 1633 910 1714 1.)

213 1759 287 1837 Sed,
311 1757 461 1837 Domino,
483 1765 594 1822 metuo
616 1778 658 1822 ne
679 1780 789 1823 meum
810 1780 878 1824 non
900 1759 963 1838 sit,

298 1888 402 1971 Cupio
423 1894 520 1967 certe,
543 1895 578 1952 et
600 1886 693 1953 doleo
715 1888 742 1952 si
764 1888 881 1953 minus.

212 2016 348 2081 Utinam
370 2022 456 2080 esset
477 2017 644 2099 paratuml
675 2016 728 2081 hei
750 2017 841 2094 mihi,
864 2015 951 2101 qnod
972 2037 1038 2080 non
1059 2015 1129 2080 esti

299 2146 448 2225 Domine,
472 2145 607 2230 dispono
629 2166 692 2225 me,
715 2151 749 2210 et
770 2166 923 2230 praepsro.

213 2274 340 2358 Adjnvo
360 2273 613 2358 dispositionem,
635 2281 669 2337 et
690 2273 956 2357 praeparationem
978 2293 1084 2337 meam
1105 2272 1237 2356 supple.

299 2403 421 2467 Ponam
444 2410 576 2487 peecata
597 2423 670 2466 meo
691 2423 800 2466 coram
822 2423 886 2481 me,

221 2516 229 2531 ⁶
343 2531 391 2595 Ut
413 2551 480 2595 non
502 2530 568 2594 sint
590 2551 697 2595 eoram
720 2531 777 2595 Te.

363 2779 447 2841 Ante
472 2779 655 2842 Coooiooeos
680 2779 809 2843 cautela
831 2797 901 2841 com
922 2777 1111 2841 Precatiorse

501 2926 542 2968 eo
562 2905 721 2989 Folyentii
743 2906 764 2969 l.
787 2905 810 2969 i.
833 2906 878 2967 od
897 2904 985 2968 Mon.

214 3039 407 3104 Prmdicator
428 3041 561 3120 laboret,
583 3049 622 3104 ut
650 3040 796 3119 libenter,
819 3047 857 3103 ut
884 3038 1114 3123 intelligenter,
1136 3046 1170 3102 et
1192 3037 1273 3103 obe-

257 3168 384 3232 dienter
420 3168 578 3232 audiatur.
639 3169 684 3233 Et
713 3168 775 3232 hoo
806 3187 840 3230 se
875 3186 970 3250 posse
1005 3165 1109 3249 magis
1146 3165 1272 3249 pietate

257 3295 450 3373 orationum,
488 3317 584 3379 quom
626 3296 781 3360 orationis
817 3295 981 3375 facultate,
1024 3317 1093 3360 non
1129 3294 1269 3359 dubitet.

257 3423 389 3487 Orando
413 3445 537 3505 prose,
560 3444 598 3487 oo
619 3424 683 3488 illis
707 3446 786 3507 qnos
817 3432 866 3489 est
888 3424 1095 3502 allocuturus,
1117 3423 1160 3487 sit
1179 3422 1272 3506 prius

257 3557 372 3630 orator,
396 3573 492 3635 quam
522 3551 654 3628 doctor3
687 3561 721 3617 et
742 3552 856 3617 devote
885 3552 1048 3632 secedens,
1078 3551 1270 3636 priusquam

257 3687 383 3743 exseret
404 3680 619 3763 proferentem
641 3680 786 3765 lingnam
809 3681 849 3745 ad
868 3682 985 3760 Deum,
1001 3680 1103 3745 elevet
1126 3680 1271 3745 enimam

258 3808 441 3885 sitientem
464 3816 502 3873 nt
531 3816 665 3889 eructet,
689 3811 775 3894 qnod
804 3810 879 3875 inde
908 3810 1037 3890 biberit,
1060 3817 1094 3874 et
1122 3806 1272 3874 effundet

258 3937 344 4020 quod
365 3939 556 4022 impleverit.

214 4065 301 4147 Ergo
323 4087 343 4127 o
364 4086 439 4129 vero
461 4067 603 4130 Domino
625 4088 664 4131 eo
685 4068 846 4151 Magistro
874 4077 986 4132 nostro
1014 4068 1177 4153 postnlsre
1200 4089 1272 4132 non

257 4191 378 4272 desino,
394 4200 432 4257 ut
451 4216 490 4258 ee
503 4216 565 4267 me,
581 4195 647 4258 sive
662 4215 719 4279 per
733 4195 859 4280 eloquis
874 4196 1113 4282 Soriptnrnrnm
1128 4216 1272 4273 snorum,

258 4320 324 4385 sive
356 4343 414 4406 per
442 4321 741 4387 sermocinationem
771 4323 921 4402 fratrum,
951 4324 1017 4389 sive
1046 4345 1104 4409 per
1131 4320 1273 4407 inspira-
