2910 5002
441 455 611 523 pauens
636 407 954 527 anonumum.
1159 455 1221 520 aar

170 619 332 685 Adveniet
353 622 432 686 mihi
454 622 507 687 hie
528 623 564 686 in
586 629 673 688 statu
694 625 815 708 gratiae.

257 750 300 815 In
320 772 421 836 regno
442 759 646 817 terrenorum
667 754 720 817 hic
742 753 864 838 aliquid

298 899 357 962 per
378 880 482 944 Tuam
504 879 644 963 gratiam
664 887 823 964 praestem,

171 1003 245 1070 Ouo
266 1004 302 1068 in
322 1027 423 1091 regno
445 1008 601 1073 ooelorum
622 1008 699 1088 illio,

257 1131 298 1196 ad
316 1134 455 1218 aliquem
476 1136 584 1200 locum
605 1136 799 1219 perveniam,
814 1134 865 1199 vel
881 1132 1093 1200 novissimum

303 1260 414 1327 subter
439 1263 536 1347 pedes
557 1272 743 1329 sauctorum
765 1265 917 1329 'Iliorum

443 1390 547 1454 earnis

170 1456 201 1519 3.
227 1408 429 1584 Voluntas{
563 1407 773 1583 }faeessant
795 1471 815 1513 a
835 1470 897 1513 me.

443 1540 502 1582 Vlrl

485 1652 596 1707 saneta
832 1665 852 1706 a
872 1649 958 1707 terra
979 1641 1049 1718 hae,
1107 1659 1112 1666 ·

170 1774 330 1838 Voluntas
352 1644 472 1986 'lus{
481 1772 571 1855 justa
651 1645 818 1986 }fiat{
973 1784 975 1789 '

483 1899 623 1982 gratiosa
833 1897 873 1961 de
894 1903 981 1960 terra
1001 1897 1071 1974 hae,

602 2047 674 2111 quae
695 2047 755 2111 ego
777 2047 859 2105 sum,

557 2153 642 2218 sieut
663 2154 698 2217 in
720 2154 820 2218 eoelis.

496 2278 676 2359 sanitatem,

170 2410 202 2472 4.
226 2409 278 2473 Da
300 2429 371 2492 quae
393 2277 617 2622 ad{pseem,

497 2537 731 2616 sufficientiam,

224 2663 276 2726 Da
296 2683 413 2746 panem
434 2665 634 2749 Angelorum
657 2665 698 2730 ad
720 2665 857 2730 salntem
879 2670 1041 2729 aeternam.

170 2792 200 2852 5.
224 2788 363 2854 Dimitte
384 2789 465 2854 mihi
487 2791 607 2871 debita,

257 2941 299 2983 aes
321 2919 437 3004 ingens
460 2920 653 3002 debitorum,
703 2921 817 3006 [Matr.
840 2920 924 2986 xviii.
946 2919 1017 3003 24.]

256 3047 472 3132 prolapsiones
493 3051 605 3129 foedas,

256 3175 411 3240 recidivas
433 3176 573 3256 crebras,

257 3301 425 3366 volutabra
447 3302 581 3366 diutina

171 3426 254 3504 Tibi,
270 3428 418 3502 Domine,
430 3429 567 3513 justitia,
583 3435 616 3493 et
630 3428 712 3492 mihi
726 3427 871 3493 confusio
885 3427 987 3492 faciei.
1013 3428 1110 3512 [Dan.
1122 3429 1164 3493 ix.
1176 3428 1221 3513 8.]

214 3555 358 3620 Perditis
380 3577 452 3621 mea
471 3556 553 3620 mihi
576 3576 595 3619 a
616 3576 668 3620 me
690 3563 747 3620 est
795 3555 886 3640 [Hos.
908 3556 974 3620 xiii.
998 3555 1043 3639 9.]

260 3685 296 3748 Si
316 3684 503 3769 iniquitates
525 3684 749 3763 observaveris,
772 3684 922 3762 Domine,

387 3813 537 3892 Domine,
561 3812 633 3896 quis
655 3811 851 3877 sustinebit?
897 3811 996 3895 [psat.
1020 3829 1111 3874 exxx.
1134 3809 1179 3892 3.]

344 3941 402 4006 sed
424 3941 509 4026 apud
530 3942 576 4006 Te
598 3940 793 4025 propitiatio,

431 4066 529 4151 Apud
552 4067 660 4131 Deum
681 4065 909 4144 miserioordis,

474 4193 611 4277 Copiosa
633 4192 718 4276 apud
740 4194 848 4258 Deum
869 4189 1056 4275 redemptio,

172 4319 216 4382 Et
237 4315 387 4381 liberabit
409 4317 449 4383 ab
471 4319 620 4385 omnibus
641 4319 878 4405 iniquitatibus.
925 4319 1033 4403 [Vera.
1057 4320 1088 4396 7,
1112 4316 1156 4400 8.]

215 4460 273 4498 ann.
291 4459 387 4497 aarum
733 4450 755 4510 3
775 4466 797 4511 A
