2910 5002
196 419 263 483 482
470 411 982 482 PRECESDUOTIDIANAE

197 590 283 654 Poul.
306 586 365 652 xci.
390 588 421 650 5.
501 584 600 648 Serva
624 606 684 650 nos
706 607 725 649 a
748 583 866 668 sagitta
886 585 1014 650 volante
1035 584 1188 665 interdiu,
1212 587 1255 651 ab

455 713 598 790 incursu,
621 719 654 776 et
676 734 696 776 e
717 713 861 777 daemone
883 713 1071 779 meridiano.

374 839 435 924 [3.]
499 838 617 903 Libera
636 860 696 903 nos
710 860 728 902 a
743 859 843 904 manu
861 841 1059 922 venantium,
1075 849 1108 906 et
1122 865 1142 907 a
1155 843 1256 909 verbo

457 985 576 1049 aspero,
600 964 764 1029 amalitia
785 965 848 1031 diei
869 965 977 1051 hujus.

201 1098 291 1182 [Lac.
307 1095 370 1160 xix.
384 1092 430 1177 9.]
500 1092 609 1158 Hodie
631 1092 672 1157 sit
694 1092 779 1158 salus
802 1099 836 1158 et
856 1115 918 1177 pax
940 1094 1050 1159 domui
1072 1095 1158 1161 huic.

199 1222 447 1287 Petronius.
501 1218 658 1284 Auditum
686 1218 738 1283 fac
759 1219 840 1285 mihi
866 1220 1114 1287 misericordiam
1137 1224 1253 1304 Tuam,

457 1347 533 1431 quia
552 1347 587 1410 in
610 1347 656 1412 ue
678 1348 808 1431 speravi.

383 1477 416 1539 9.
504 1474 628 1538 Notum
648 1473 700 1539 feo
721 1474 802 1538 mihi
823 1473 909 1538 vium
936 1474 973 1537 iu
994 1497 1058 1558 qua
1079 1477 1253 1558 ambulem,

460 1602 535 1686 quia
555 1600 597 1667 ad
618 1601 664 1666 'Pe
685 1601 799 1671 attollo
820 1602 961 1666 animam
983 1624 1098 1669 meam.

364 1729 415 1792 10.
503 1727 601 1810 Eripe
623 1748 685 1805 me,
709 1727 858 1807 Domine,
881 1728 922 1793 de
943 1727 1083 1794 inimicis
1103 1729 1193 1810 meis,
1210 1731 1253 1794 ud

457 1854 503 1918 'Pe
525 1853 613 1918 enim
634 1853 795 1937 confugio.

364 1980 414 2044 11.
504 1980 634 2044 Instrue
655 2001 709 2045 me
737 1980 851 2058 facere,
875 2002 946 2065 quae
974 1981 1093 2066 placita
1115 1990 1190 2046 suut
1214 1983 1250 2046 iu

458 2113 633 2192 conspectu
652 2109 732 2187 Tuo,
755 2109 831 2191 quia
853 2110 942 2174 Deua
964 2130 1055 2173 meus
1078 2130 1112 2174 es
1133 2111 1192 2174 Tu.

364 2234 414 2299 12.
504 2233 644 2317 Spiritus
679 2235 768 2309 uuus
804 2235 907 2299 bonus
948 2235 1086 2301 deducet
1121 2256 1174 2300 me
1218 2236 1255 2299 in

458 2368 578 2427 terram
600 2368 731 2426 rectum.

290 2508 339 2552 xc.
365 2487 414 2553 16.
504 2489 640 2574 Respice
656 2489 692 2554 in
713 2500 818 2554 servos
837 2490 933 2569 Tuos,
956 2496 989 2553 et
1009 2489 1044 2553 in
1058 2510 1154 2573 opera
1167 2491 1255 2574 ipso·
1385 2539 1388 2545 ·

458 2638 543 2697 rum,
563 2624 597 2682 et
617 2619 659 2682 sit
681 2618 784 2701 gratia
806 2637 843 2681 ao
864 2617 1013 2701 splendor
1035 2617 1168 2682 Domini
1190 2617 1255 2704 Dei

458 2743 563 2808 nostri
583 2764 678 2826 super
699 2764 767 2807 nos.

503 2871 548 2934 Et
562 2891 658 2954 opera
671 2891 826 2934 manuum
844 2877 1026 2935 nostrarum
1042 2867 1144 2952 dirige
1158 2887 1255 2951 super

460 3017 520 3062 nos
530 3022 540 3076 3
563 3002 597 3060 et
617 3017 714 3081 opera
734 3018 890 3061 manuum
911 3003 1094 3060 nostrarum
1117 2994 1231 3078 dirige.

246 3182 249 3191 .
269 3121 355 3206 [cxli.
370 3114 417 3209 a]
504 3125 603 3203 Pone,
615 3124 763 3203 Domine,
779 3123 958 3189 custodiam
973 3122 1021 3188 ori
1036 3143 1118 3201 meo,
1133 3121 1255 3186 ostium

460 3251 708 3318 circumstantie
728 3252 822 3317 labiis
843 3253 932 3316 meis.

207 3379 271 3442 Col.
294 3378 335 3443 ir.
359 3381 389 3443 6.
509 3381 622 3445 Sermo
635 3402 728 3446 meus
743 3381 785 3444 sit
803 3381 838 3444 in
854 3382 957 3464 gratia
972 3381 1039 3444 sale
1052 3399 1254 3462 conspersus,

459 3512 497 3571 ut
527 3506 625 3570 sciam
656 3506 815 3589 quomodo
836 3512 982 3590 oporteat
1007 3505 1180 3588 unicuique
1200 3525 1255 3569 re-

461 3633 626 3718 spondere.

135 3828 139 3833 ,
210 3759 479 3848 [Pscl.rix.14.]
505 3762 733 3846 complaceant
757 3761 916 3844 colloquia
940 3760 1004 3824 oris
1029 3760 1105 3838 mei,
1129 3766 1163 3823 et
1186 3780 1256 3823 me·

463 3888 576 3952 ditatio
612 3887 717 3953 cordis
748 3887 784 3952 in
814 3895 987 3972 conspectu
1016 3887 1086 3952 'Puo
1119 3905 1254 3969 semper,

464 4014 613 4094 Domine,
637 4015 833 4099 Redemptor
854 4036 954 4080 meus.

273 4137 371 4221 [cxxi.
387 4139 434 4223 8.]
509 4139 669 4205 Dominus
698 4141 857 4206 custodiet
886 4140 1009 4205 exitum
1031 4146 1064 4204 et
1085 4138 1257 4203 introitum

460 4275 608 4331 nostrum
633 4289 671 4331 ex
693 4268 756 4335 hoc
777 4269 868 4333 etin
889 4267 1049 4333 saeculum.
1096 4267 1212 4330 Amen.
