<?xml version="1.0" encoding="UTF-8"?>
<!DOCTYPE html PUBLIC "-//W3C//DTD XHTML 1.0 Transitional//EN"
    "http://www.w3.org/TR/xhtml1/DTD/xhtml1-transitional.dtd">
<html xmlns="http://www.w3.org/1999/xhtml" xml:lang="en" lang="en">
 <head>
  <title>
</title>
<meta http-equiv="Content-Type" content="text/html;charset=utf-8" />
  <meta name='ocr-system' content='tesseract 3.04.00' />
  <meta name='ocr-capabilities' content='ocr_page ocr_carea ocr_par ocr_line ocrx_word'/>
</head>
<body>
  <div class='ocr_page' id='page_1' title='image "./precesprivataeq00andrgoog_0466.png"; bbox 0 0 2910 5002; ppageno 0'>
   <div class='ocr_carea' id='block_1_1' title="bbox 466 431 1251 500">
    <p class='ocr_par' dir='ltr' id='par_1_1' title="bbox 466 431 1251 500">
     <span class='ocr_line' id='line_1_1' title="bbox 466 431 1251 500; baseline -0.008 0"><span class='ocrx_word' id='word_1_1' title='bbox 466 433 636 500; x_wconf 83' lang='lat' dir='ltr'><strong>PREOES</strong></span> <span class='ocrx_word' id='word_1_2' title='bbox 662 431 980 500; x_wconf 71' lang='lat' dir='ltr'><strong>QUO&#39;PIDIANAE.</strong></span> <span class='ocrx_word' id='word_1_3' title='bbox 1187 434 1251 495; x_wconf 80' lang='lat'><strong>423</strong></span> 
     </span>
    </p>
   </div>
   <div class='ocr_carea' id='block_1_2' title="bbox 370 602 981 937">
    <p class='ocr_par' dir='ltr' id='par_1_2' title="bbox 370 602 981 937">
     <span class='ocr_line' id='line_1_2' title="bbox 371 602 957 686; baseline 0 -20"><span class='ocrx_word' id='word_1_4' title='bbox 371 602 483 667; x_wconf 83' lang='lat' dir='ltr'><strong>Redde</strong></span> <span class='ocrx_word' id='word_1_5' title='bbox 505 605 635 668; x_wconf 83' lang='lat' dir='ltr'><strong>Putrem</strong></span> <span class='ocrx_word' id='word_1_6' title='bbox 656 603 749 668; x_wconf 90' lang='lat' dir='ltr'><strong>nobis</strong></span> <span class='ocrx_word' id='word_1_7' title='bbox 772 603 957 686; x_wconf 82' lang='lat' dir='ltr'><strong>propitium,</strong></span> 
     </span>
     <span class='ocr_line' id='line_1_3' title="bbox 370 730 807 816; baseline -0.002 -20"><span class='ocrx_word' id='word_1_8' title='bbox 370 732 422 796; x_wconf 83' lang='lat' dir='ltr'><strong>Du</strong></span> <span class='ocrx_word' id='word_1_9' title='bbox 442 731 535 796; x_wconf 91' lang='lat' dir='ltr'><strong>nobis</strong></span> <span class='ocrx_word' id='word_1_10' title='bbox 557 731 643 816; x_wconf 86' lang='lat' dir='ltr'><strong>quod</strong></span> <span class='ocrx_word' id='word_1_11' title='bbox 665 730 741 816; x_wconf 87' lang='lat' dir='ltr'><strong>Ipse</strong></span> <span class='ocrx_word' id='word_1_12' title='bbox 763 751 807 810; x_wconf 90' lang='lat' dir='ltr'><strong>es,</strong></span> 
     </span>
     <span class='ocr_line' id='line_1_4' title="bbox 370 858 981 937; baseline -0.005 -15"><span class='ocrx_word' id='word_1_13' title='bbox 370 859 432 922; x_wconf 84' lang='lat' dir='ltr'><strong>Die</strong></span> <span class='ocrx_word' id='word_1_14' title='bbox 454 859 570 922; x_wconf 82' lang='lat' dir='ltr'><strong>animes</strong></span> <span class='ocrx_word' id='word_1_15' title='bbox 591 877 681 937; x_wconf 78' lang='lat' dir='ltr'><strong>meae,</strong></span> <span class='ocrx_word' id='word_1_16' title='bbox 707 858 800 922; x_wconf 78' lang='lat' dir='ltr'><strong>Salus</strong></span> <span class='ocrx_word' id='word_1_17' title='bbox 821 863 879 921; x_wconf 83' lang='lat' dir='ltr'><strong>tus</strong></span> <span class='ocrx_word' id='word_1_18' title='bbox 901 878 981 920; x_wconf 88' lang='lat' dir='ltr'><strong>sum.</strong></span> 
     </span>
    </p>
   </div>
   <div class='ocr_carea' id='block_1_3' title="bbox 196 1051 1251 1387">
    <p class='ocr_par' dir='ltr' id='par_1_3' title="bbox 196 1051 1251 1387">
     <span class='ocr_line' id='line_1_5' title="bbox 196 1051 869 1136; baseline -0.003 -20"><span class='ocrx_word' id='word_1_19' title='bbox 196 1051 269 1116; x_wconf 86' lang='lat' dir='ltr'><strong>Nee</strong></span> <span class='ocrx_word' id='word_1_20' title='bbox 289 1053 410 1117; x_wconf 80' lang='lat' dir='ltr'><strong>frustra</strong></span> <span class='ocrx_word' id='word_1_21' title='bbox 431 1053 555 1118; x_wconf 79' lang='lat' dir='ltr'>dixerat</span> <span class='ocrx_word' id='word_1_22' title='bbox 577 1051 750 1136; x_wconf 77' lang='lat' dir='ltr'><strong>Apostolus</strong></span> <span class='ocrx_word' id='word_1_23' title='bbox 772 1053 869 1125; x_wconf 75' lang='lat' dir='ltr'><strong>Tuus,</strong></span> 
     </span>
     <span class='ocr_line' id='line_1_6' title="bbox 198 1176 1249 1260; baseline -0.003 -17"><span class='ocrx_word' id='word_1_24' title='bbox 198 1182 214 1242; x_wconf 96' lang='lat'>1</span> <span class='ocrx_word' id='word_1_25' title='bbox 243 1180 319 1243; x_wconf 58' lang='lat' dir='ltr'><strong>rins</strong></span> <span class='ocrx_word' id='word_1_26' title='bbox 341 1179 364 1244; x_wconf 91' lang='lat' dir='ltr'><strong>i.</strong></span> <span class='ocrx_word' id='word_1_27' title='bbox 388 1181 439 1243; x_wconf 84' lang='lat'><strong>15.</strong></span> <span class='ocrx_word' id='word_1_28' title='bbox 474 1179 593 1243; x_wconf 75' lang='lat' dir='ltr'>Fidelis</span> <span class='ocrx_word' id='word_1_29' title='bbox 608 1198 713 1242; x_wconf 88' lang='lat' dir='ltr'><strong>sermo</strong></span> <span class='ocrx_word' id='word_1_30' title='bbox 728 1185 761 1242; x_wconf 88' lang='lat' dir='ltr'><strong>et</strong></span> <span class='ocrx_word' id='word_1_31' title='bbox 776 1178 864 1241; x_wconf 92' lang='lat' dir='ltr'><strong>omni</strong></span> <span class='ocrx_word' id='word_1_32' title='bbox 879 1177 1099 1260; x_wconf 77' lang='lat' dir='ltr'>acceptatione</span> <span class='ocrx_word' id='word_1_33' title='bbox 1113 1176 1249 1260; x_wconf 56' lang='lat' dir='ltr'><strong>dignum</strong></span> 
     </span>
     <span class='ocr_line' id='line_1_7' title="bbox 416 1302 1251 1387; baseline -0.005 -16"><span class='ocrx_word' id='word_1_34' title='bbox 416 1304 512 1371; x_wconf 77' lang='lat' dir='ltr'><strong>Quod</strong></span> <span class='ocrx_word' id='word_1_35' title='bbox 530 1305 552 1368; x_wconf 88' lang='lat' dir='ltr'><strong>J</strong></span> <span class='ocrx_word' id='word_1_36' title='bbox 553 1325 625 1369; x_wconf 88' lang='lat' dir='ltr'><strong>esus</strong></span> <span class='ocrx_word' id='word_1_37' title='bbox 640 1302 788 1370; x_wconf 82' lang='lat' dir='ltr'><strong>Christus</strong></span> <span class='ocrx_word' id='word_1_38' title='bbox 802 1303 891 1367; x_wconf 87' lang='lat' dir='ltr'><strong>venit</strong></span> <span class='ocrx_word' id='word_1_39' title='bbox 905 1303 941 1366; x_wconf 90' lang='lat' dir='ltr'><strong>in</strong></span> <span class='ocrx_word' id='word_1_40' title='bbox 957 1302 1117 1367; x_wconf 89' lang='lat' dir='ltr'><strong>mundum</strong></span> <span class='ocrx_word' id='word_1_41' title='bbox 1139 1324 1251 1387; x_wconf 86' lang='lat' dir='ltr'><strong>peccu-</strong></span> 
     </span>
    </p>
   </div>
   <div class='ocr_carea' id='block_1_4' title="bbox 196 1432 1251 2515">
    <p class='ocr_par' dir='ltr' id='par_1_4' title="bbox 196 1432 1251 1768">
     <span class='ocr_line' id='line_1_8' title="bbox 408 1432 1156 1516; baseline -0.001 -20"><span class='ocrx_word' id='word_1_42' title='bbox 408 1439 496 1497; x_wconf 81' lang='lat' dir='ltr'><strong>tores</strong></span> <span class='ocrx_word' id='word_1_43' title='bbox 518 1433 620 1497; x_wconf 86' lang='lat' dir='ltr'><strong>sslvos</strong></span> <span class='ocrx_word' id='word_1_44' title='bbox 641 1433 757 1511; x_wconf 80' lang='lat' dir='ltr'><strong>faeere,</strong></span> <span class='ocrx_word' id='word_1_45' title='bbox 781 1453 918 1516; x_wconf 91' lang='lat' dir='ltr'><strong>quorum</strong></span> <span class='ocrx_word' id='word_1_46' title='bbox 941 1453 1001 1515; x_wconf 82' lang='lat' dir='ltr'><strong>ego</strong></span> <span class='ocrx_word' id='word_1_47' title='bbox 1023 1432 1156 1514; x_wconf 83' lang='lat' dir='ltr'><strong>primus.</strong></span> 
     </span>
     <span class='ocr_line' id='line_1_9' title="bbox 196 1557 1251 1643; baseline 0.002 -23"><span class='ocrx_word' id='word_1_48' title='bbox 196 1557 284 1620; x_wconf 86' lang='lat' dir='ltr'><strong>Rom.</strong></span> <span class='ocrx_word' id='word_1_49' title='bbox 308 1578 338 1621; x_wconf 87' lang='lat' dir='ltr'><strong>v.</strong></span> <span class='ocrx_word' id='word_1_50' title='bbox 359 1559 414 1621; x_wconf 80' lang='lat'><strong>20.</strong></span> <span class='ocrx_word' id='word_1_51' title='bbox 474 1558 541 1623; x_wconf 91' lang='lat' dir='ltr'><strong>Ubi</strong></span> <span class='ocrx_word' id='word_1_52' title='bbox 577 1558 751 1623; x_wconf 80' lang='lat' dir='ltr'><strong>abundavit</strong></span> <span class='ocrx_word' id='word_1_53' title='bbox 782 1558 945 1637; x_wconf 86' lang='lat' dir='ltr'><strong>delictum,</strong></span> <span class='ocrx_word' id='word_1_54' title='bbox 979 1557 1251 1643; x_wconf 78' lang='lat' dir='ltr'><strong>superabundavit</strong></span> 
     </span>
     <span class='ocr_line' id='line_1_10' title="bbox 412 1685 525 1768; baseline 0 -19"><span class='ocrx_word' id='word_1_55' title='bbox 412 1685 525 1768; x_wconf 67' lang='lat' dir='ltr'><strong>gratim</strong></span> 
     </span>
    </p>

    <p class='ocr_par' dir='ltr' id='par_1_5' title="bbox 307 1812 1251 2004">
     <span class='ocr_line' id='line_1_11' title="bbox 307 1812 1251 1900; baseline 0.005 -23"><span class='ocrx_word' id='word_1_56' title='bbox 307 1812 352 1877; x_wconf 83' lang='lat' dir='ltr'><strong>xi.</strong></span> <span class='ocrx_word' id='word_1_57' title='bbox 375 1813 427 1878; x_wconf 81' lang='lat'><strong>32.</strong></span> <span class='ocrx_word' id='word_1_58' title='bbox 483 1813 650 1878; x_wconf 85' lang='lat' dir='ltr'><strong>Conclusit</strong></span> <span class='ocrx_word' id='word_1_59' title='bbox 686 1814 776 1878; x_wconf 88' lang='lat' dir='ltr'><strong>Deus</strong></span> <span class='ocrx_word' id='word_1_60' title='bbox 805 1837 919 1881; x_wconf 82' lang='lat' dir='ltr'><strong>omnes</strong></span> <span class='ocrx_word' id='word_1_61' title='bbox 948 1815 1008 1880; x_wconf 87' lang='lat' dir='ltr'><strong>sub</strong></span> <span class='ocrx_word' id='word_1_62' title='bbox 1037 1824 1178 1900; x_wconf 81' lang='lat' dir='ltr'><strong>peceato,</strong></span> <span class='ocrx_word' id='word_1_63' title='bbox 1213 1825 1251 1882; x_wconf 89' lang='lat' dir='ltr'><strong>ut</strong></span> 
     </span>
     <span class='ocr_line' id='line_1_12' title="bbox 409 1938 774 2004; baseline 0.005 -2"><span class='ocrx_word' id='word_1_64' title='bbox 409 1938 553 2003; x_wconf 87' lang='lat' dir='ltr'><strong>omnium</strong></span> <span class='ocrx_word' id='word_1_65' title='bbox 575 1939 774 2004; x_wconf 80' lang='lat' dir='ltr'><strong>misereatur.</strong></span> 
     </span>
    </p>

    <p class='ocr_par' dir='ltr' id='par_1_6' title="bbox 309 2067 1251 2515">
     <span class='ocr_line' id='line_1_13' title="bbox 309 2067 1248 2135; baseline 0.005 -5"><span class='ocrx_word' id='word_1_66' title='bbox 309 2087 339 2130; x_wconf 85' lang='lat' dir='ltr'><strong>v.</strong></span> <span class='ocrx_word' id='word_1_67' title='bbox 363 2069 414 2130; x_wconf 90' lang='lat'><strong>10.</strong></span> <span class='ocrx_word' id='word_1_68' title='bbox 478 2067 691 2131; x_wconf 82' lang='lat' dir='ltr'><strong>Commendat</strong></span> <span class='ocrx_word' id='word_1_69' title='bbox 710 2067 746 2131; x_wconf 89' lang='lat' dir='ltr'><strong>in</strong></span> <span class='ocrx_word' id='word_1_70' title='bbox 768 2068 830 2132; x_wconf 88' lang='lat' dir='ltr'><strong>hoe</strong></span> <span class='ocrx_word' id='word_1_71' title='bbox 845 2070 934 2133; x_wconf 88' lang='lat' dir='ltr'><strong>Deus</strong></span> <span class='ocrx_word' id='word_1_72' title='bbox 950 2071 1139 2135; x_wconf 78' lang='lat' dir='ltr'><strong>charitatem</strong></span> <span class='ocrx_word' id='word_1_73' title='bbox 1159 2093 1248 2135; x_wconf 86' lang='lat' dir='ltr'><strong>susm</strong></span> 
     </span>
     <span class='ocr_line' id='line_1_14' title="bbox 412 2194 1251 2282; baseline 0.004 -24"><span class='ocrx_word' id='word_1_74' title='bbox 412 2215 489 2278; x_wconf 78' lang='lat' dir='ltr'><strong>erga</strong></span> <span class='ocrx_word' id='word_1_75' title='bbox 518 2215 587 2272; x_wconf 90' lang='lat' dir='ltr'><strong>nos,</strong></span> <span class='ocrx_word' id='word_1_76' title='bbox 618 2194 791 2278; x_wconf 79' lang='lat' dir='ltr'><strong>quiscum</strong></span> <span class='ocrx_word' id='word_1_77' title='bbox 813 2195 945 2260; x_wconf 84' lang='lat' dir='ltr'><strong>interim</strong></span> <span class='ocrx_word' id='word_1_78' title='bbox 969 2204 1162 2282; x_wconf 77' lang='lat' dir='ltr'><strong>peccatores,</strong></span> <span class='ocrx_word' id='word_1_79' title='bbox 1185 2199 1251 2261; x_wconf 91' lang='lat' dir='ltr'><strong>imo</strong></span> 
     </span>
     <span class='ocr_line' id='line_1_15' title="bbox 410 2321 1251 2408; baseline 0.002 -22"><span class='ocrx_word' id='word_1_80' title='bbox 410 2322 533 2386; x_wconf 82' lang='lat' dir='ltr'><strong>inimici</strong></span> <span class='ocrx_word' id='word_1_81' title='bbox 569 2324 650 2407; x_wconf 79' lang='lat' dir='ltr'><strong>Ejus</strong></span> <span class='ocrx_word' id='word_1_82' title='bbox 684 2343 839 2401; x_wconf 87' lang='lat' dir='ltr'><strong>essemus,</strong></span> <span class='ocrx_word' id='word_1_83' title='bbox 877 2321 1027 2390; x_wconf 86' lang='lat' dir='ltr'><strong>Christus</strong></span> <span class='ocrx_word' id='word_1_84' title='bbox 1063 2344 1121 2408; x_wconf 86' lang='lat' dir='ltr'><strong>pro</strong></span> <span class='ocrx_word' id='word_1_85' title='bbox 1157 2325 1251 2388; x_wconf 83' lang='lat' dir='ltr'><strong>nobis</strong></span> 
     </span>
     <span class='ocr_line' id='line_1_16' title="bbox 411 2458 639 2515; baseline -0.013 0"><span class='ocrx_word' id='word_1_86' title='bbox 411 2458 639 2515; x_wconf 80' lang='lat' dir='ltr'><strong>mortuusest.</strong></span> 
     </span>
    </p>
   </div>
   <div class='ocr_carea' id='block_1_5' title="bbox 196 2631 1250 3100">
    <p class='ocr_par' dir='ltr' id='par_1_7' title="bbox 196 2631 1250 3100">
     <span class='ocr_line' id='line_1_17' title="bbox 283 2631 806 2718; baseline 0.002 -22"><span class='ocrx_word' id='word_1_87' title='bbox 283 2633 356 2698; x_wconf 84' lang='lat' dir='ltr'><strong>Nec</strong></span> <span class='ocrx_word' id='word_1_88' title='bbox 377 2631 496 2697; x_wconf 80' lang='lat' dir='ltr'><strong>frustra</strong></span> <span class='ocrx_word' id='word_1_89' title='bbox 516 2633 598 2697; x_wconf 80' lang='lat' dir='ltr'><strong>alter</strong></span> <span class='ocrx_word' id='word_1_90' title='bbox 621 2634 806 2718; x_wconf 87' lang='lat' dir='ltr'><strong>Apostolus,</strong></span> 
     </span>
     <span class='ocr_line' id='line_1_18' title="bbox 198 2755 1250 2845; baseline 0.005 -22"><span class='ocrx_word' id='word_1_91' title='bbox 198 2763 214 2823; x_wconf 97' lang='lat' dir='ltr'>l</span> <span class='ocrx_word' id='word_1_92' title='bbox 240 2761 309 2824; x_wconf 82' lang='lat' dir='ltr'><strong>Pet.</strong></span> <span class='ocrx_word' id='word_1_93' title='bbox 332 2760 376 2824; x_wconf 92' lang='lat' dir='ltr'><strong>iii.</strong></span> <span class='ocrx_word' id='word_1_94' title='bbox 402 2761 452 2824; x_wconf 87' lang='lat'><strong>18.</strong></span> <span class='ocrx_word' id='word_1_95' title='bbox 499 2759 646 2824; x_wconf 79' lang='lat' dir='ltr'><strong>Christus</strong></span> <span class='ocrx_word' id='word_1_96' title='bbox 655 2760 754 2824; x_wconf 89' lang='lat' dir='ltr'><strong>semel</strong></span> <span class='ocrx_word' id='word_1_97' title='bbox 763 2782 820 2845; x_wconf 86' lang='lat' dir='ltr'><strong>pro</strong></span> <span class='ocrx_word' id='word_1_98' title='bbox 829 2763 1094 2844; x_wconf 82' lang='lat' dir='ltr'><strong>peccatisnostris</strong></span> <span class='ocrx_word' id='word_1_99' title='bbox 1103 2755 1250 2828; x_wconf 78' lang='lat' dir='ltr'><strong>mortuus</strong></span> 
     </span>
     <span class='ocr_line' id='line_1_19' title="bbox 411 2887 1228 2972; baseline 0.001 -20"><span class='ocrx_word' id='word_1_100' title='bbox 411 2893 469 2967; x_wconf 87' lang='lat' dir='ltr'><strong>est,</strong></span> <span class='ocrx_word' id='word_1_101' title='bbox 487 2889 594 2972; x_wconf 82' lang='lat' dir='ltr'><strong>justus</strong></span> <span class='ocrx_word' id='word_1_102' title='bbox 615 2909 674 2971; x_wconf 91' lang='lat' dir='ltr'><strong>pro</strong></span> <span class='ocrx_word' id='word_1_103' title='bbox 696 2887 836 2971; x_wconf 86' lang='lat' dir='ltr'><strong>injustis,</strong></span> <span class='ocrx_word' id='word_1_104' title='bbox 855 2895 893 2952; x_wconf 90' lang='lat' dir='ltr'><strong>ut</strong></span> <span class='ocrx_word' id='word_1_105' title='bbox 915 2910 973 2953; x_wconf 88' lang='lat' dir='ltr'><strong>nos</strong></span> <span class='ocrx_word' id='word_1_106' title='bbox 994 2889 1124 2954; x_wconf 86' lang='lat' dir='ltr'><strong>offerret</strong></span> <span class='ocrx_word' id='word_1_107' title='bbox 1146 2891 1228 2954; x_wconf 90' lang='lat' dir='ltr'><strong>Deo.</strong></span> 
     </span>
     <span class='ocr_line' id='line_1_20' title="bbox 196 3015 1097 3100; baseline 0.001 -22"><span class='ocrx_word' id='word_1_108' title='bbox 196 3017 266 3079; x_wconf 84' lang='lat' dir='ltr'><strong>Jue.</strong></span> <span class='ocrx_word' id='word_1_109' title='bbox 289 3016 323 3078; x_wconf 91' lang='lat' dir='ltr'><strong>ii.</strong></span> <span class='ocrx_word' id='word_1_110' title='bbox 348 3017 399 3080; x_wconf 80' lang='lat'><strong>13.</strong></span> <span class='ocrx_word' id='word_1_111' title='bbox 501 3017 672 3100; x_wconf 77' lang='lat' dir='ltr'><strong>superavit</strong></span> <span class='ocrx_word' id='word_1_112' title='bbox 692 3015 911 3080; x_wconf 83' lang='lat' dir='ltr'><strong>misericordia</strong></span> <span class='ocrx_word' id='word_1_113' title='bbox 928 3015 1097 3099; x_wconf 86' lang='lat' dir='ltr'><strong>judicium.</strong></span> 
     </span>
    </p>
   </div>
   <div class='ocr_carea' id='block_1_6' title="bbox 283 3207 659 3292">
    <p class='ocr_par' dir='ltr' id='par_1_8' title="bbox 283 3207 659 3292">
     <span class='ocr_line' id='line_1_21' title="bbox 283 3207 659 3292; baseline 0 -20"><span class='ocrx_word' id='word_1_114' title='bbox 283 3207 354 3272; x_wconf 88' lang='lat' dir='ltr'><strong>Neo</strong></span> <span class='ocrx_word' id='word_1_115' title='bbox 375 3207 495 3272; x_wconf 83' lang='lat' dir='ltr'><strong>frustra</strong></span> <span class='ocrx_word' id='word_1_116' title='bbox 516 3215 659 3292; x_wconf 75' lang='lat' dir='ltr'><strong>quartus,</strong></span> 
     </span>
    </p>
   </div>
   <div class='ocr_carea' id='block_1_7' title="bbox 198 3335 1250 3441">
    <p class='ocr_par' dir='ltr' id='par_1_9' title="bbox 198 3335 1250 3441">
     <span class='ocr_line' id='line_1_22' title="bbox 198 3335 1250 3441; baseline 0 -43"><span class='ocrx_word' id='word_1_117' title='bbox 198 3337 214 3441; x_wconf 67' lang='grc'><strong>1</strong></span> <span class='ocrx_word' id='word_1_118' title='bbox 239 3335 289 3400; x_wconf 90' lang='lat' dir='ltr'><strong>Jo.</strong></span> <span class='ocrx_word' id='word_1_119' title='bbox 314 3335 346 3399; x_wconf 90' lang='lat' dir='ltr'><strong>ii.</strong></span> <span class='ocrx_word' id='word_1_120' title='bbox 371 3339 402 3401; x_wconf 80' lang='lat'><strong>2.</strong></span> <span class='ocrx_word' id='word_1_121' title='bbox 502 3336 538 3399; x_wconf 91' lang='lat' dir='ltr'><strong>Si</strong></span> <span class='ocrx_word' id='word_1_122' title='bbox 560 3336 630 3421; x_wconf 86' lang='lat' dir='ltr'><strong>quis</strong></span> <span class='ocrx_word' id='word_1_123' title='bbox 652 3336 838 3419; x_wconf 80' lang='lat' dir='ltr'><strong>peccaverit,</strong></span> <span class='ocrx_word' id='word_1_124' title='bbox 862 3336 1065 3401; x_wconf 80' lang='lat' dir='ltr'><strong>Advocatum</strong></span> <span class='ocrx_word' id='word_1_125' title='bbox 1094 3336 1250 3401; x_wconf 80' lang='lat' dir='ltr'><strong>habemus</strong></span> 
     </span>
    </p>
   </div>
   <div class='ocr_carea' id='block_1_8' title="bbox 411 3461 1251 3925">
    <p class='ocr_par' dir='ltr' id='par_1_10' title="bbox 413 3461 1251 3675">
     <span class='ocr_line' id='line_1_23' title="bbox 414 3461 1251 3546; baseline -0.004 -18"><span class='ocrx_word' id='word_1_126' title='bbox 414 3461 498 3546; x_wconf 86' lang='lat' dir='ltr'><strong>upud</strong></span> <span class='ocrx_word' id='word_1_127' title='bbox 528 3462 668 3540; x_wconf 82' lang='lat' dir='ltr'><strong>Putrem,</strong></span> <span class='ocrx_word' id='word_1_128' title='bbox 695 3463 810 3527; x_wconf 81' lang='lat' dir='ltr'><strong>Jesum</strong></span> <span class='ocrx_word' id='word_1_129' title='bbox 841 3463 1008 3528; x_wconf 86' lang='lat' dir='ltr'><strong>Christum</strong></span> <span class='ocrx_word' id='word_1_130' title='bbox 1035 3463 1180 3546; x_wconf 69' lang='lat' dir='ltr'><strong>justum</strong></span> <span class='ocrx_word' id='word_1_131' title='bbox 1217 3469 1251 3526; x_wconf 90' lang='lat' dir='ltr'><strong>et</strong></span> 
     </span>
     <span class='ocr_line' id='line_1_24' title="bbox 413 3589 1177 3675; baseline -0.001 -21"><span class='ocrx_word' id='word_1_132' title='bbox 413 3589 487 3672; x_wconf 87' lang='lat' dir='ltr'><strong>Ipse</strong></span> <span class='ocrx_word' id='word_1_133' title='bbox 510 3597 559 3654; x_wconf 84' lang='lat' dir='ltr'><strong>est</strong></span> <span class='ocrx_word' id='word_1_134' title='bbox 582 3589 766 3675; x_wconf 80' lang='lat' dir='ltr'><strong>propitiatio</strong></span> <span class='ocrx_word' id='word_1_135' title='bbox 789 3591 1009 3675; x_wconf 79' lang='lat' dir='ltr'><strong>propeccatis</strong></span> <span class='ocrx_word' id='word_1_136' title='bbox 1032 3591 1177 3668; x_wconf 73' lang='lat' dir='ltr'><strong>nostris,</strong></span> 
     </span>
    </p>

    <p class='ocr_par' dir='ltr' id='par_1_11' title="bbox 411 3713 1251 3925">
     <span class='ocr_line' id='line_1_25' title="bbox 497 3713 1251 3798; baseline -0.005 -18"><span class='ocrx_word' id='word_1_137' title='bbox 497 3718 575 3780; x_wconf 90' lang='lat' dir='ltr'><strong>Non</strong></span> <span class='ocrx_word' id='word_1_138' title='bbox 597 3737 654 3798; x_wconf 88' lang='lat' dir='ltr'><strong>pro</strong></span> <span class='ocrx_word' id='word_1_139' title='bbox 676 3717 794 3780; x_wconf 88' lang='lat' dir='ltr'><strong>nostris</strong></span> <span class='ocrx_word' id='word_1_140' title='bbox 816 3724 925 3779; x_wconf 81' lang='lat' dir='ltr'><strong>sutem</strong></span> <span class='ocrx_word' id='word_1_141' title='bbox 954 3723 1092 3793; x_wconf 83' lang='lat' dir='ltr'><strong>tuntum,</strong></span> <span class='ocrx_word' id='word_1_142' title='bbox 1116 3713 1171 3777; x_wconf 85' lang='lat' dir='ltr'><strong>sed</strong></span> <span class='ocrx_word' id='word_1_143' title='bbox 1193 3735 1251 3796; x_wconf 91' lang='lat' dir='ltr'><strong>pro</strong></span> 
     </span>
     <span class='ocr_line' id='line_1_26' title="bbox 411 3840 818 3925; baseline -0.007 -20"><span class='ocrx_word' id='word_1_144' title='bbox 411 3842 550 3925; x_wconf 80' lang='lat' dir='ltr'><strong>peccatis</strong></span> <span class='ocrx_word' id='word_1_145' title='bbox 571 3841 672 3904; x_wconf 87' lang='lat' dir='ltr'><strong>totius</strong></span> <span class='ocrx_word' id='word_1_146' title='bbox 695 3840 818 3903; x_wconf 89' lang='lat' dir='ltr'><strong>mundi.</strong></span> 
     </span>
    </p>
   </div>
   <div class='ocr_carea' id='block_1_9' title="bbox 198 4027 1249 4366">
    <p class='ocr_par' dir='ltr' id='par_1_12' title="bbox 198 4027 1249 4366">
     <span class='ocr_line' id='line_1_27' title="bbox 282 4027 743 4112; baseline -0.011 -17"><span class='ocrx_word' id='word_1_147' title='bbox 282 4032 355 4095; x_wconf 86' lang='lat' dir='ltr'><strong>Neo</strong></span> <span class='ocrx_word' id='word_1_148' title='bbox 376 4029 497 4094; x_wconf 78' lang='lat' dir='ltr'><strong>frustra</strong></span> <span class='ocrx_word' id='word_1_149' title='bbox 520 4030 594 4112; x_wconf 84' lang='lat' dir='ltr'><strong>Ipse</strong></span> <span class='ocrx_word' id='word_1_150' title='bbox 616 4027 743 4105; x_wconf 85' lang='lat' dir='ltr'><strong>dixeris,</strong></span> 
     </span>
     <span class='ocr_line' id='line_1_28' title="bbox 198 4153 1249 4236; baseline -0.004 -16"><span class='ocrx_word' id='word_1_151' title='bbox 198 4159 295 4220; x_wconf 81' lang='lat' dir='ltr'><strong>Mau.</strong></span> <span class='ocrx_word' id='word_1_152' title='bbox 318 4158 360 4222; x_wconf 86' lang='lat' dir='ltr'><strong>xi.</strong></span> <span class='ocrx_word' id='word_1_153' title='bbox 382 4159 435 4220; x_wconf 82' lang='lat'><strong>25.</strong></span> <span class='ocrx_word' id='word_1_154' title='bbox 498 4155 618 4220; x_wconf 87' lang='lat' dir='ltr'><strong>Venite</strong></span> <span class='ocrx_word' id='word_1_155' title='bbox 647 4155 688 4218; x_wconf 82' lang='lat' dir='ltr'><strong>ud</strong></span> <span class='ocrx_word' id='word_1_156' title='bbox 718 4155 786 4230; x_wconf 91' lang='lat' dir='ltr'><strong>Me,</strong></span> <span class='ocrx_word' id='word_1_157' title='bbox 810 4153 865 4236; x_wconf 92' lang='lat' dir='ltr'><strong>qui</strong></span> <span class='ocrx_word' id='word_1_158' title='bbox 894 4153 1048 4217; x_wconf 75' lang='lat' dir='ltr'><strong>laboratis</strong></span> <span class='ocrx_word' id='word_1_159' title='bbox 1070 4160 1103 4217; x_wconf 89' lang='lat' dir='ltr'><strong>et</strong></span> <span class='ocrx_word' id='word_1_160' title='bbox 1125 4155 1249 4217; x_wconf 79' lang='lat' dir='ltr'><strong>onerati</strong></span> 
     </span>
     <span class='ocr_line' id='line_1_29' title="bbox 414 4281 900 4366; baseline -0.006 -20"><span class='ocrx_word' id='word_1_161' title='bbox 414 4283 501 4360; x_wconf 86' lang='lat' dir='ltr'><strong>estis,</strong></span> <span class='ocrx_word' id='word_1_162' title='bbox 524 4290 558 4346; x_wconf 90' lang='lat' dir='ltr'><strong>et</strong></span> <span class='ocrx_word' id='word_1_163' title='bbox 579 4285 649 4366; x_wconf 83' lang='lat' dir='ltr'><strong>Ego</strong></span> <span class='ocrx_word' id='word_1_164' title='bbox 672 4281 813 4347; x_wconf 80' lang='lat' dir='ltr'><strong>reficiam</strong></span> <span class='ocrx_word' id='word_1_165' title='bbox 835 4300 900 4345; x_wconf 85' lang='lat' dir='ltr'><strong>vos.</strong></span> 
     </span>
    </p>
   </div>
   <div class='ocr_carea' id='block_1_10' title="bbox 0 0 1460 5002">
    <p class='ocr_par' dir='ltr' id='par_1_13' title="bbox 0 0 1460 5002">
     <span class='ocr_line' id='line_1_30' title="bbox 0 0 1460 5002; baseline 0 0"><span class='ocrx_word' id='word_1_166' title='bbox 0 0 1460 5002; x_wconf 95' lang='lat' dir='ltr'><strong> </strong></span> 
     </span>
    </p>
   </div>
  </div>
 </body>
</html>
