2910 5002
440 462 609 526 Paucas
634 458 950 526 QUOTIDIANAE.
1163 451 1255 532 211θ

174 629 342 694 Inveniam
364 651 471 694 coram
493 640 526 694 te
548 633 694 714 gratiam,

304 758 352 821 Ut
373 757 510 823 habeam
532 759 680 841 gratiam,

217 904 274 966 per
297 905 392 967 quam
415 885 555 950 serviens
576 887 719 970 placeam
742 884 812 962 tibi,

304 1031 379 1075 cum
400 1019 491 1076 metu
512 1021 545 1077 et
566 1013 755 1078 reverentia.
799 1012 878 1076 Heb.
901 1011 956 1075 xii.
979 1011 1031 1073 28.

175 1137 344 1202 Inveniam
367 1145 486 1218 autem,
510 1147 543 1203 et
564 1141 702 1225 gratiam
724 1140 868 1218 alteram,

262 1286 333 1329 eam
355 1267 503 1350 gratiam,

348 1414 390 1456 ne
412 1394 448 1456 in
468 1415 587 1459 vanum
609 1395 771 1478 recipiam,
817 1397 838 1459 2
863 1393 935 1458 Gor.
957 1391 999 1456 vi.
1025 1394 1055 1455 1.

389 1520 430 1581 Εἰ
451 1540 493 1583 ne
516 1520 628 1585 desim.
673 1522 752 1584 Hel.
777 1520 831 1583 xii.
858 1519 911 1583 15.

176 1644 249 1707 Imo
271 1664 355 1722 vero,
378 1665 420 1708 ne
441 1646 603 1729 negligam
625 1667 707 1723 eam,
752 1646 769 1707 1
797 1645 873 1708 lira.
896 1643 936 1708 iv.
962 1645 1014 1706 14.

263 1768 343 1833 adeo
364 1776 402 1834 ut
423 1770 559 1854 proinde
581 1771 621 1836 ab
643 1791 682 1834 ea
703 1770 858 1836 excidam.
907 1769 979 1831 Gal.
1002 1789 1030 1831 v.
1054 1769 1086 1828 4.

351 1897 415 1962 Sed
437 1918 508 1962 eam
530 1899 729 1977 resuscitare,
774 1901 795 1962 2
821 1897 899 1960 llm.
922 1897 944 1960 i.
968 1898 999 1960 6.

264 2023 343 2089 adeo
364 2025 459 2088 utin
481 2046 519 2089 ea
540 2046 689 2090 crescam.
735 2029 756 2090 2
779 2026 848 2089 Pet.
871 2024 916 2089 iii.
942 2026 993 2088 18.

178 2154 250 2216 Imo
272 2173 347 2217 vero
368 2159 406 2216 ut
428 2154 561 2238 proinde
583 2155 618 2218 in
640 2176 680 2220 ea
700 2175 917 2239 permaneam,
964 2152 1048 2236 [Act.
1073 2148 1139 2213 xiii.
1162 2147 1229 2231 43.]

308 2301 410 2364 usque
432 2281 472 2345 ad
494 2283 617 2348 exitum

395 2409 470 2473 vitae
491 2430 581 2474 meae.

180 2537 224 2598 Et
246 2535 309 2599 ohl
341 2536 500 2618 compleas
520 2536 602 2599 mihi
624 2556 695 2619 quae
717 2535 834 2600 desunt
879 2535 896 2597 1
924 2534 1028 2596 ltere.
1051 2531 1097 2594 iii.
1123 2530 1174 2593 10.

395 2660 633 2725 charismatum
655 2667 803 2725 tuorum:

181 2788 280 2865 Fidei,
412 2788 577 2852 Modicam
598 2787 679 2852 mihi
699 2788 797 2852 fidem
817 2787 951 2871 adauge.
980 2785 1072 2870 [Luc.
1092 2783 1166 2849 xvii.
1187 2782 1232 2866 5.]

182 2913 268 2998 Spei,
412 2915 510 2998 Spem
532 2915 692 2999 trepidam
713 2916 878 2980 confirma
925 2914 1018 2999 [Heb.
1040 2912 1086 2977 iii.
1110 2911 1157 2995 6.]

182 3040 366 3119 Charitatis,
412 3041 481 3125 ejus
503 3042 643 3108 accende
664 3043 768 3108 linum
789 3043 961 3128 fumigans.
1012 3042 1070 3126 [Is.
1085 3039 1151 3104 xlii.
1167 3038 1216 3122 3.]

268 3168 425 3234 Diffunde
446 3169 482 3233 in
504 3170 599 3235 eorde
621 3191 693 3235 meo

356 3295 557 3361 Charitatem
578 3305 679 3375 tuam,
723 3299 811 3361 Rom.
834 3319 864 3361 v.
887 3299 918 3360 5.

268 3429 315 3496 ut,
339 3423 422 3487 sicut
443 3429 491 3501 tu,

357 3550 508 3615 Amicum
530 3551 565 3613 in
587 3557 630 3629 te,

297 3719 300 3724 -
401 3679 575 3744 Inimicum
596 3686 726 3763 propter
747 3687 790 3756 te,

444 3827 503 3889 ego
525 3806 666 3889 diligams

186 3931 329 4013 Quidue
352 3932 489 4015 gratiam
511 3933 698 4011 humilibus,
742 3931 814 3995 Jac.
837 3931 878 3995 iv.
901 3934 934 3995 6.

227 4066 260 4121 et
281 4056 362 4120 mihi
384 4055 426 4120 da
446 4057 592 4141 gratiam,
616 4078 679 4141 qua
700 4058 761 4120 sim
782 4054 923 4120 humilis.

187 4184 251 4249 Qui
273 4192 307 4247 te
329 4184 480 4248 timentes
501 4206 669 4268 nunquam
691 4183 819 4260 deseris,

229 4309 373 4373 Laetetur
396 4331 450 4374 cor
472 4331 590 4388 meum,
615 4319 652 4374 ut
674 4318 707 4373 te
730 4310 853 4386 timeat,
902 4308 1002 4392 [Paul.
1025 4307 1140 4370 lxxxvi.
1166 4307 1200 4371 ll
1219 4304 1234 4316 ‘
