2910 5002
476 453 662 520 ,Paucas
688 455 1005 522 QUOTIDIANAE.
1210 458 1270 517 411

220 613 306 684 Psoi
331 620 409 684 cxvi.
436 623 506 685 16.
530 662 534 669 ·
567 624 685 686 Servus
708 622 805 700 Tuus,
829 623 912 685 filius
935 623 1058 687 ancillae
1080 623 1182 699 'fuae¹

219 747 313 813 Mart.
336 749 423 812 xviii.
446 751 498 815 27.
567 751 697 828 Servus,
720 748 898 833 dissipator,

606 893 640 947 at
663 904 781 946 servus.
895 893 897 897 ’

306 1009 407 1073 Filius
429 1011 527 1092 Tuus,
550 1032 666 1094 nempe
688 1011 827 1094 pretium
871 1039 873 1042 >

350 1135 524 1220 Sanguinis
546 1137 619 1200 Filii
642 1137 715 1216 uui,
738 1145 775 1200 ut

392 1263 596 1347 adoptionem
618 1264 803 1346 reciperem,
851 1263 941 1346 [Gal.
963 1264 1002 1326 iv.
1028 1261 1074 1344 5.]

306 1389 378 1454 Etsi
407 1411 467 1472 ego
496 1391 588 1453 amisi
613 1390 849 1474 ingenuitatem

349 1518 417 1597 filii,
440 1527 474 1582 at
496 1520 546 1582 'Pu
567 1541 633 1583 non
655 1519 808 1604 pietatem
832 1519 948 1582 Patris.

216 1646 294 1733 Lato.
318 1668 368 1711 xv.
396 1649 444 1712 17.
477 1649 548 1711 Etsi
570 1670 719 1731 nequam,
742 1648 895 1731 prodigus
918 1647 1011 1724 filius,

521 1782 555 1837 at
569 1774 663 1837 iilius
685 1782 808 1838 tamen.

218 1899 300 1962 Dan.
324 1900 366 1964 ix.
394 1903 443 1966 19.
475 1902 606 1965 Nomen
622 1903 727 1966 'l'uum
752 1903 936 1965 invocatum
951 1904 1110 1982 estsuper
1126 1918 1186 1960 me.

216 2026 294 2089 Hed.
316 2027 360 2092 xi.
386 2029 437 2092 16.
476 2029 526 2092 'Pu
547 2051 614 2092 non
637 2051 670 2092 es
691 2030 842 2094 confusus
864 2028 1015 2112 appellari

389 2154 478 2217 Deus
500 2161 617 2217 noster.

349 2281 526 2348 Christiani
549 2304 669 2360 sumus,

346 2409 458 2494 umpti
481 2409 568 2475 enim
592 2409 722 2474 Christo
744 2412 823 2488 Tuo,
957 2398 959 2403 ³
989 2399 991 2403 ¹

432 2537 544 2602 Abeo
568 2538 821 2602 denominamur.

307 2667 405 2730 Parce
427 2658 515 2750 operi
538 2668 618 2743 Tuo,

196 2828 198 2833 ·
306 2794 406 2858 Parce
428 2780 553 2857 nomini
574 2794 654 2870 Tuo,

306 2920 406 2983 Parce
427 2918 532 3002 pretio
555 2917 721 3001 sanguinis
743 2919 815 2996 Tui,

296 3086 299 3091 ·
394 3048 429 3111 Si
452 3037 528 3109 non'
540 3036 649 3130 parces
672 3036 774 3108 nobis.

198 3357 226 3409 δ
262 3303 292 3362 2.
319 3298 383 3362 Sed
404 3306 552 3382 peccator
574 3290 656 3372 sum,

207 3418 270 3490 ’.Ιο.
293 3425 336 3489 ix.
359 3428 414 3491 30.
517 3416 521 3428 '
567 3426 611 3488 Et
633 3419 815 3508 peccatores
837 3445 904 3490 non
926 3424 1017 3489 audit
1040 3424 1142 3490 Deus:
1234 3450 1236 3455 ⁴

193 3550 306 3618 ..Ροαζ
316 3553 433 3618 lxxxix.
449 3552 528 3638 [46.]
566 3552 759 3631 Memorare,
794 3574 911 3636 quaeso,
943 3559 1063 3631 tamen,
1095 3574 1166 3636 quae
1202 3575 1274 3618 mea

520 3676 717 3756 substantia3
754 3769 755 3773 Ἰ

330 3806 429 3869 lxviii.
452 3808 505 3871 39.
567 3801 757 3885 Recordare,
781 3807 866 3888 quod
889 3826 972 3884 caro,
996 3814 1029 3870 et
1052 3806 1137 3890 quod
1159 3816 1273 3873 ventus

522 3933 577 4014 qui
599 3933 727 4011 transit,
750 3954 811 3997 nec
832 3933 1013 3997 revertitur.

330 4057 393 4121 ciii.
419 4060 471 4122 14.
526 4051 531 4061 ’
565 4061 714 4143 Agnosce
744 4061 936 4143 figmentum
966 4065 1124 4138 nostrum,
1148 4081 1187 4123 ex
1209 4082 1273 4144 quo

521 4187 652 4250 conflati
676 4208 803 4264 sumus,
829 4187 1009 4252 Recordare
1034 4187 1119 4271 quod
1145 4194 1273 4252 tantum

523 4310 626 4393 pulvis
649 4336 769 4379 sumus.
