2910 5002
250 435 315 499 2⁷2
520 431 691 497 PRECES
719 431 1037 498 QUOTIDIANAE.

251 607 386 689 Propter
421 604 714 688 supereminentem
747 603 980 667 abundantiam
1015 603 1310 671 misericordiarum

295 732 448 796 Tuarum.
495 731 617 794 lum.
641 730 663 794 i.
688 729 741 794 14.

177 890 183 907 ·
209 861 212 867 ’
338 855 616 940 Propternimiam
625 855 826 935 charitatem,
836 877 900 940 qua
908 855 1125 938 dilexistincs,
1140 857 1306 940 uptus

337 984 501 1068 Propitius
523 991 592 1051 estc
614 983 695 1047 mihi
716 985 886 1068 peccatori,
931 985 1009 1049 Lae.
1032 984 1118 1050 xviii.
1143 986 1194 1052 13.

907 1112 1021 1196 primo,
1047 1113 1078 1198 [1
1099 1114 1177 1178 dim.
1192 1114 1215 1179 i.
1234 1113 1303 1199 lu]

906 1240 1094 1304 miserrimc.

251 1172 414 1258 Propitius
435 1179 505 1237 estc
526 1172 616 1251 mihi,
640 1127 895 1304 peecatorum{

295 1366 439 1450 Abyssus
461 1365 614 1450 abyssum
635 1365 773 1444 invocat,
817 1365 903 1431 Psol.
928 1367 994 1432 xlii.
1020 1370 1051 1433 7.

251 1493 396 1578 Abyssus
417 1493 554 1558 miserim
575 1498 695 1557 nostroe
717 1491 868 1578 abyssum
889 1494 1116 1560 misericordia
1136 1501 1212 1562 tna

296 1620 363 1684 Ubi
373 1618 548 1684 abundarit
558 1618 721 1697 delictum,
735 1618 974 1703 superabundet
983 1621 1088 1704 grstia
1095 1646 1105 1700 ς
1120 1622 1305 1687 Remum

251 1747 355 1812 Vince
376 1747 412 1810 in
433 1747 518 1810 bono
540 1745 610 1809 Tuo
631 1745 753 1810 malum
775 1753 941 1824 nostrum
988 1749 1077 1813 Rom·
1102 1749 1155 1814 rii
1178 1754 1231 1815 21.

254 1874 477 1958 superexaltet
490 1872 709 1937 misericordia
722 1873 793 1937 'Pna
802 1873 966 1958 justitiam
982 1876 1095 1957 Tuam,
1118 1877 1189 1942 Jsc.
1205 1877 1239 1942 ii.
1254 1879 1306 1943 13.

424 2002 461 2066 in
482 2001 620 2085 peccatis
642 2000 772 2065 nostris.

465 2129 585 2207 Etiam,
608 2128 760 2193 Domine.

253 2385 318 2450 Sed
339 2386 426 2451 enim
449 2407 544 2469 super
565 2385 684 2464 omnia,
708 2390 742 2448 et
763 2404 830 2467 pras
851 2383 1009 2463 omnibus,

295 2512 408 2593 Credo,
421 2512 507 2596 quod
520 2513 571 2576 'Pu
586 2532 620 2576 es
631 2511 780 2576 Christus
792 2510 894 2575 Pilius
906 2512 969 2576 Dei
979 2512 1052 2576 rivi.
1067 2512 1165 2577 Mart.
1178 2513 1238 2578 xvi.
1254 2515 1306 2581 16.

252 2639 652 2708 Quironistiinmundum
662 2644 846 2723 peccatores
856 2639 958 2702 salvos
968 2638 1083 2720 facere,
1097 2643 1114 2705 1
1129 2641 1239 2717 mi.
1255 2645 1303 2707 15.

338 2772 485 2838 Quorum
507 2790 567 2853 ego
588 2767 722 2852 primus,
745 2788 798 2832 me
821 2767 945 2832 salvum
966 2768 1026 2833 fac

252 2897 319 2964 cui
339 2896 426 2962 tollis
448 2902 580 2980 peccata
601 2894 726 2972 mundi,
745 2894 824 2958 tolla
847 2901 979 2978 peccata
999 2916 1081 2975 mea,
1107 2895 1169 2980 [10.
1191 2897 1213 2961 i.
1236 2896 1304 2982 29.]

252 3024 318 3091 Qui
339 3023 463 3102 venisti,
485 3028 523 3085 ut
545 3021 718 3086 redimeres
739 3020 913 3105 perditum,
958 3023 1036 3088 Me.
1059 3024 1123 3088 rix.
1148 3024 1199 3091 10.

294 3151 347 3213 Ne
369 3149 454 3214 sinas
476 3148 568 3233 perdi
588 3169 646 3232 per
667 3149 714 3212 'Pe
734 3147 947 3233 redemptum.

250 3276 282 3338 Α
303 3276 461 3339 malcrum
483 3274 713 3352 recordatione,

380 3405 418 3462 ut
439 3419 560 3476 eorum,
584 3420 654 3482 quae
674 3398 741 3462 vidi
761 3399 812 3463 vel
834 3399 941 3465 andivi

294 3549 314 3592 a
335 3527 437 3605 malis,
459 3526 495 3590 in
517 3527 633 3591 saeculo
655 3547 722 3590 non
742 3528 900 3604 recorder,

379 3675 440 3718 nec
462 3654 532 3718 aliis
554 3675 698 3738 unquam
720 3654 826 3718 dicam
835 3672 857 3734 ς·

336 3789 374 3847 ut
396 3781 471 3847 cdic
492 3781 629 3846 habeam
652 3803 781 3846 omnem
803 3782 889 3847 viam
910 3784 1065 3868 iniquam.

421 3908 562 3973 Meritus
585 3931 657 3973 sum
679 3917 826 3990 mortem,

337 4036 392 4100 sed
415 4035 520 4100 adhuc
542 4037 666 4121 appello
688 4059 707 4100 a
729 4038 809 4103 solio
827 4039 963 4121 justitior
983 4040 1089 4118 ruoej

418 4162 460 4226 ad
481 4163 638 4229 thronum
659 4164 771 4247 gratim
792 4165 879 4230 'rua
