2910 5002
466 438 635 504 PRECES
659 438 977 506 QUOTIDIANAE.
1193 437 1254 499 119

328 608 496 673 Memento
518 616 637 673 sanctae
658 617 724 672 tuae
746 609 908 685 Ecclesiae,

199 754 270 816 quae
292 740 341 797 est
363 756 382 796 a
403 735 522 798 finibus
544 756 647 818 nsque
670 735 712 798 ad
734 737 814 800 fines
838 736 937 800 Orbis
960 743 1131 814 terrarum,

372 869 405 925 et
426 862 560 945 pacifica
581 884 663 941 eam,

199 1009 295 1070 quam
318 989 511 1072 acquisivisti
533 989 690 1073 sanguine
712 996 770 1053 tuo
791 992 942 1074 pretioso,
993 993 1080 1075 [Act.
1104 1013 1156 1055 xx.
1181 991 1250 1074 28]

417 1122 451 1178 et
473 1135 544 1177 eam
566 1114 674 1178 stabili

245 1260 346 1322 usque
368 1239 409 1303 ad
431 1241 741 1305 consummationem
764 1243 881 1306 saeculi.

203 1496 372 1559 Memento
393 1495 536 1559 fructum
558 1497 747 1561 facientium
768 1496 1012 1561 benefactorum

417 1624 453 1687 in
477 1625 605 1688 Sanctis
627 1625 692 1711 tuis
714 1624 877 1703 Ecolesiis,

203 1757 235 1814 et
257 1751 312 1833 qui
333 1771 507 1834 pauperum
533 1758 566 1815 et
588 1773 763 1834 egenorum
786 1757 864 1815 sunt
886 1773 1055 1831 memores,

462 1878 539 1961 ipsis
561 1879 715 1958 retribue,

290 2004 461 2087 Opulentis
483 2006 548 2069 tuis
570 2012 603 2071 et
626 2007 811 2072 coelestibus
834 2007 926 2071 donis
938 2034 948 2085 ς

506 2133 622 2218 largire
644 2133 707 2198 uns

341 2260 477 2324 terrenis
555 2322 558 2328 ,
730 2261 883 2340 coelestia,

206 2387 269 2450 Pro
343 2385 470 2450 caducis
733 2385 998 2470 incorruptibilia,
1132 2477 1135 2481 ἵ

345 2512 547 2596 temporariis
624 2597 625 2601 Ἰ
730 2520 863 2578 aetema.

209 2702 389 2780 Memento,
416 2701 473 2784 qui
497 2701 534 2765 in
554 2701 752 2784 virginitate,
779 2709 813 2766 et
838 2701 1051 2778 castimonia.

293 2837 326 2894 et
349 2829 499 2913 religioso
523 2829 687 2908 coelibatu,

373 2956 429 3039 qui
450 2965 483 3020 et
504 2957 541 3020 in
562 2957 708 3022 honestis
730 2957 853 3040 nuptiis
876 2977 950 3020 cum
973 2962 1085 3020 sancto

552 3094 610 3150 tuo
632 3086 749 3149 timore
771 3085 904 3166 degsmt.

409 3283 578 3347 Memento
600 3284 704 3347 omnis
727 3281 842 3346 animae
865 3282 1059 3346 Christianae

437 3409 573 3487 afflictae,
596 3430 765 3495 oppressae,
788 3415 821 3472 et
843 3409 1030 3488 laborantis,

299 3535 442 3619 adeoque
464 3537 682 3601 misericordia
703 3543 760 3601 tua
783 3544 816 3601 et
838 3536 957 3600 amilio
978 3535 1165 3618 indigentis,

301 3669 350 3743 net
372 3664 524 3727 Fratmm
547 3664 659 3747 quiin
682 3662 867 3746 captivitate
889 3668 974 3739 sunt,
997 3662 1033 3724 in
1054 3681 1160 3724 carce·

343 3787 443 3865 ribus,
465 3788 501 3851 in
522 3787 667 3865 vinculis,
691 3787 803 3850 autin
827 3807 936 3849 amara
958 3784 1122 3860 servitute,

478 3914 720 3979 conversionem
873 3911 1065 3990 errantibus,
1136 3920 1139 3927 '

232 4042 411 4107 concedens
480 4043 653 4106 sanitatem
869 4039 1016 4118 infirmis,

477 4171 700 4236 liberationem
873 4168 1013 4252 captivis
