2910 5002
414 457 586 524 paucus
610 432 929 526 uuou'mmum.
1136 463 1201 528 417

513 645 741 695 msumoosnm
763 647 827 696 nul.

142 752 229 818 Psal.
252 774 279 816 v.
306 758 336 818 7.
444 755 571 836 Multas,

251 880 284 944 li.
310 881 338 945 1.
445 884 654 969 Multiplices,

141 1005 158 1067 1
183 1007 253 1070 Pet.
276 1007 316 1071 iv.
343 1008 395 1072 10.
442 1010 596 1094 copiosus,

143 1131 226 1194 Psal.
244 1133 324 1198 cxix.
343 1134 415 1199 156.
443 1136 585 1219 Msgnae,

486 1265 588 1342 Laus,

249 1349 311 1394 Μ’
336 1333 387 1397 12⁹
449 1283 587 1459 {Ortus
609 1400 643 1457 et
665 1413 805 1471 occasus,

244 1513 310 1579 xlii.
333 1520 364 1583 7.
481 1518 663 1597 Profundis,
686 1518 828 1604 abyssus.

249 1641 352 1706 xxxvi.
376 1647 407 1707 5.
440 1662 567 1838 μω
575 1645 653 1839 {ud
676 1646 783 1727 coelos,

246 1768 326 1833 cviii.
349 1774 381 1834 4.
611 1793 706 1857 super
720 1774 825 1838 coelos.

244 1915 316 1960 xxv.
338 1897 369 1961 6.

246 2022 308 2091 ciii.
334 2029 386 2091 17.
495 2029 640 2093 AEtsrnae
661 1982 726 2157 {P
751 2120 757 2127 x
788 2014 797 2043 '

241 2150 310 2218 xiii.
332 2155 365 2220 6.

244 2281 324 2346 cxlv.
347 2288 380 2350 9.
482 2282 709 2347 Miserationss
731 2283 811 2367 Ejus
832 2302 927 2366 super
949 2285 1059 2350 omnia
1079 2307 1177 2370 opera
1190 2290 1281 2374 Ejus.

130 2411 219 2476 Rom
243 2433 272 2476 v.
295 2413 349 2476 20.
482 2412 586 2494 Super
607 2416 776 2494 peecatum
797 2417 956 2490 nostrum,

128 2541 200 2605 «Iac.
223 2541 258 2607 ii.
283 2540 334 2606 13.
486 2541 590 2622 Super
608 2538 770 2622 justitiam
792 2538 883 2621 Ejus.

131 2669 204 2749 Syr.
227 2667 260 2731 ii.
286 2669 337 2731 18.
487 2665 673 2730 Secundum
694 2665 956 2749 magnitudinem
976 2665 1075 2745 illius,
1098 2667 1145 2731 sie

519 2802 568 2859 est
589 2793 807 2858 misericordis
828 2794 935 2876 Ipsius
957 2815 1030 2857 eum
1054 2795 1141 2878 Ipso.

129 2923 216 2985 Psal.
240 2922 316 2985 lxxi.
342 2922 393 2988 13.
483 2922 576 2985 Salus
597 2921 733 2999 infinita,
756 2922 865 2985 nescio
887 2921 975 2986 enim
996 2927 1062 2985 ter-

516 3048 642 3111 minum
664 3049 771 3131 ipsius.

437 3395 537 3442 mm
560 3393 871 3442 Mlsuslooumssuu.

128 3541 144 3603 1
173 3541 243 3604 Cor.
265 3541 286 3605 i.
310 3543 340 3604 3.
429 3541 597 3604 Naturalis
620 3538 685 3602 Illi.

126 3670 214 3732 Psal.
238 3669 292 3732 lix.
317 3669 367 3732 18.
429 3667 651 3731 ltfiseriuordiu
672 3667 743 3749 ipss
765 3665 1006 3733 dieitur,Deus.

125 3796 259 3877 Auum.
426 3794 457 3858 0
467 3814 597 3869 nomen,
613 3792 671 3855 sub
687 3812 750 3874 quo
765 3790 887 3854 nemini
903 3789 1146 3871 desperandum.

128 3923 272 4003 Chrysus.
431 3919 562 3985 Grande
584 3926 635 3981 est
657 3916 846 3980 barathrum
869 3920 1074 3997 peccatorum

513 4069 668 4126 meorum,
692 4045 748 4110 sed
770 4044 872 4129 major
894 4050 943 4108 est
965 4041 1096 4127 abyssus

509 4175 735 4241 misericordius
751 4173 830 4238 Dei.

126 4304 154 4366 1.
180 4303 292 4372 Qualis
314 4302 444 4366 veroin
467 4303 582 4386 specie,

166 4444 218 4479 ssu
243 4442 337 4478 susm.
385 4435 389 4442 '
599 4429 621 4491 3
643 4444 668 4490 11
