2910 5002
469 447 638 511 Paucos
664 446 983 512 QUOTIDIANAE.
1194 454 1257 517 25⁷

417 611 523 678 Chaos
547 615 822 738 immensszile,

417 742 534 806 Murus
557 764 653 827 quem
675 744 857 827 transgredi
878 765 946 809 non
969 765 1147 828 possumus,
1168 754 1173 771 '

417 870 547 935 Clamor
568 871 819 952 inconsolabilis,
1055 839 1061 848 ⁵

470 998 610 1076 assistat,
725 1079 730 1085 ⁶

202 1123 321 1186 Nullus
349 1126 403 1207 qui
421 996 699 1339 {patrocinetrm

470 1253 597 1318 liberet.

200 1378 263 1440 Sed
286 1380 430 1462 poenitet,
454 1380 604 1458 Domine,
629 1381 778 1456 Domine,
801 1380 947 1462 poenitet.

329 1504 458 1587 Adjuva
480 1505 752 1588 impoenitentiam
774 1526 889 1584 meam,

285 1635 318 1691 et
340 1629 443 1712 magis
467 1629 573 1692 adhuc
595 1630 759 1712 magisque

371 1758 573 1840 Compunge,
598 1757 718 1836 scindo,

150 1954 153 1959 ἢ
286 1894 415 1950 contere
437 1908 493 1952 oor
513 1908 631 1957 meum.

326 2015 420 2092 Eece,
444 2014 594 2094 Domine,
618 2013 704 2098 quod
725 2013 878 2097 indignor

414 2149 541 2223 egomet
562 2140 653 2219 mihi,
698 2142 814 2205 20or.
838 2139 893 2205 vii.
918 2137 970 2202 ll'.

355 2268 534 2368 (stultum,
579 2269 655 2344 Into.
672 2267 761 2332 xxiii.
776 2270 830 2333 34.

336 2369 512 2534 linetae,
560 2397 647 2458 aaz.
664 2393 765 2457 nnn.
781 2395 835 2458 22.
1005 2394 1198 2459 desiderium

199 2461 327 2537 propter
387 2523 546 2602 nocivum,
594 2524 709 2586 lllm.
726 2524 767 2587 vi.
785 2526 817 2588 9.
1003 2522 1108 2587 earnis
1131 2541 1211 2585 mere

387 2659 419 2714 et
442 2652 667 2735 periculosum.
713 2653 756 2715 Ie.
772 2651 855 2715 xxvi.
873 2650 926 2715 11.

199 2775 294 2842 Quod
316 2776 471 2841 abhorreo
494 2778 561 2862 ipso
584 2798 645 2866 me,
690 2778 760 2842 Job.
784 2779 849 2842 xlii
873 2781 905 2844 6.

427 2905 658 2970 absurditatem

241 2905 413 3247 propter{
425 3034 664 3118 turpitudinem
690 2904 730 3246 }
743 3033 900 3112 desiderii,

426 3163 583 3227 vilitatem

466 3290 676 3354 'confirsione
769 3355 776 3370 ,
880 3357 883 3361 ,

630 3417 636 3429 .
693 3314 893 3487 }ognam;

489 3416 660 3498 opprobrro

200 3542 295 3608 Quod
318 3547 387 3606 tota
409 3542 461 3606 die
485 3543 677 3607 verecundia
699 3564 772 3607 mea
794 3549 908 3607 contra
930 3563 981 3606 me
1004 3550 1063 3620 est,

241 3673 274 3730 et
296 3667 442 3732 oonfirsio
464 3667 557 3732 faciei
579 3669 744 3752 cooperuit
766 3689 828 3732 me.
873 3669 963 3733 Psal.
986 3667 1059 3732 xliv.
1086 3669 1136 3730 15.

457 3795 529 3859 Ab!
575 3795 659 3872 Vah,
683 3793 768 3857 vah!

372 3921 438 3985 Hei
459 3921 559 3984 mihil
591 3921 802 4005 usquequo?

198 4050 291 4125 Eooe,
317 4047 464 4127 Domine,
490 4047 576 4131 quod
598 4046 740 4131 dijudico
763 4053 889 4129 egomet
912 4066 964 4108 me

328 4175 432 4238 Reum
455 4174 568 4238 aeterni
592 4173 748 4256 supplicii,

197 4301 304 4365 Etiam
327 4310 359 4365 et
381 4302 525 4366 omnium
548 4301 777 4366 difficultatum
798 4298 897 4382 hujus
921 4296 1044 4362 mundi.

242 4443 300 4478 sun.
319 4443 414 4479 eurora
767 4443 787 4489 1,
808 4442 828 4490 1,
