2910 5002
236 433 301 497 362
507 433 676 499 PRECES
702 435 1021 502 QUOTIDIANAE.

326 600 443 665 Libera
463 622 526 681 me,
550 603 701 680 Domine,
725 604 856 684 amois,

281 728 400 793 Libera
411 729 550 792 animam
560 751 665 793 meam
675 731 714 795 nb
724 731 851 796 inferno
860 731 1011 795 inferiori.
1024 730 1095 815 [Po.
1101 729 1216 796 lxxxvi.
1226 727 1295 811 13.]

363 857 508 943 Abyssns
531 857 681 943 abyssum
703 860 840 940 invocat,
888 861 988 944 [Psoi.
1013 860 1079 924 xlii.
1103 859 1150 942 7,]

412 987 461 1051 Ut
483 986 523 1050 de
545 986 661 1071 abysso
683 986 805 1070 eripiat.

243 1111 307 1176 Sed
331 1119 364 1177 et
385 1113 458 1193 alia,
482 1134 553 1196 quae
575 1113 683 1191 minus
706 1115 819 1190 sentio,

325 1240 403 1304 Non
425 1240 532 1303 minus
555 1241 673 1323 gravia,
695 1241 832 1305 fortasse
855 1240 1010 1323 graviora,

372 1369 423 1432 De
446 1368 562 1452 quibus
584 1376 660 1452 peto
681 1369 866 1449 illuminari,

415 1503 453 1560 ut
474 1497 594 1580 possim
617 1498 771 1561 oonfiteri.

242 1626 272 1686 6.
296 1624 340 1686 Et
362 1644 405 1687 ne
427 1623 569 1703 inducas,

332 1771 374 1814 ne
396 1772 448 1814 me
469 1750 579 1816 induci
603 1752 698 1829 sinan,

329 1898 371 1939 ne
393 1898 445 1941 me
468 1877 554 1942 sinas
575 1877 698 1942 intrare
720 1878 755 1941 in
777 1877 999 1955 tentationem,

243 2003 371 2068 Memor
393 2013 426 2068 et
447 2005 596 2069 misertus
618 2005 808 2089 fragilitatis,
856 2004 953 2089 [Pool.
977 2004 1039 2068 ciii.
1065 2003 1130 2087 ln]

329 2139 362 2195 et
383 2131 580 2198 infirmitatis
602 2156 682 2198 meae
703 2133 799 2198 toties
822 2133 1003 2216 exploratae.

245 2260 273 2320 7.
299 2257 362 2322 Sed
384 2259 486 2324 libera
507 2282 559 2325 me
582 2283 601 2324 n
622 2261 717 2338 malo,

330 2386 421 2450 Malo
442 2387 477 2450 in
500 2388 621 2471 meipso
643 2397 677 2452 et
699 2410 804 2467 carne,

641 2524 673 2578 et
696 2516 894 2599 surreptione
916 2515 1005 2598 ejns余

279 2697 284 2705 .
330 2642 420 2709 Mnlo
438 2645 597 2713 Daemone
620 2652 653 2708 et
675 2644 879 2728 suggestione
902 2643 990 2726 ejus3

330 2771 427 2834 Molis
449 2771 640 2855 poennlibus,
664 2793 734 2856 quae
752 2772 928 2856 justissime

445 2897 693 2982 dignissimoque
715 2899 920 2964 commeritus
942 2920 1012 2962 sum
1024 2923 1034 2974 余

331 3023 429 3087 Malis
452 3024 560 3089 saeculi
582 3024 702 3104 futuri3

444 3152 491 3216 ibi
513 3173 616 3236 parce,
640 3152 692 3216 hio
714 3173 781 3230 ure,
804 3152 856 3215 hio
879 3172 960 3231 seca,
984 3151 1134 3216 Domine.

330 3278 429 3341 Malis
451 3278 559 3341 naeeuli
580 3277 745 3361 praesentis
755 3303 764 3354 3

444 3424 539 3488 parce
561 3411 594 3467 et
616 3404 677 3467 hic.

329 3531 457 3596 Malitia
479 3530 591 3595 mnndi
613 3532 719 3615 hujus,

445 3666 478 3722 et
500 3658 715 3723 accidentium
736 3659 771 3722 in
793 3679 831 3721 eo
841 3684 850 3735 余

327 3789 457 3855 Malitia
477 3788 581 3852 morbi
603 3789 710 3872 hujus,

443 3919 572 4002 quicum
595 3918 780 3994 conflictor3

325 4047 454 4111 Malitia
475 4046 607 4128 negotii,
630 4045 683 4109 oui
704 4044 869 4127 implicor余

325 4175 425 4238 Malis
446 4173 626 4257 praeteritis,
649 4171 869 4264 praesentibus,
893 4177 925 4234 et
947 4170 1076 4249 futuris,

369 4300 421 4365 Ab
443 4299 495 4364 his
517 4299 667 4364 omnibns
689 4298 873 4378 liberam,
896 4298 1048 4364 Domino.
