2910 5002
268 441 333 503 310
538 440 708 504 PREOES
733 434 1051 504 QUOTIDIANAE.

291 613 319 674 1.
366 609 485 673 Dolore
775 601 898 673 Ὠδῖνες
981 601 1213 690 [Act.ii.2‹1.]

290 741 320 802 2.
367 737 495 802 Pudore
572 609 742 950 }c1ncis.
773 731 923 820 Αἰσχύνη
933 603 1032 948 ]τοῦ
1047 733 1198 818 σταυροῦ.
1226 731 1320 816 [fleo.
1339 731 1395 795 xii.
1412 732 1445 815 2.

290 871 320 931 3.
367 867 543 931 Maledicte
979 861 1068 946 [Gal.
1090 862 1136 926 iii.
1162 861 1229 946 13.]

152 1065 156 1071 ,
292 998 322 1060 1.
367 994 463 1061 Quod
484 993 577 1077 prodi
599 993 700 1057 voluit

776 860 912 949 Κατάρα

290 1127 320 1186 2.
410 1122 578 1206 aproprio
600 1121 765 1205 discipulo.
816 1119 930 1204 [Matr.
952 1119 1036 1183 xxvi.
1061 1117 1129 1202 15]

290 1252 320 1313 3.
367 1249 464 1316 Quod
485 1248 581 1312 vendi
601 1248 703 1312 voluit

290 1379 320 1440 4.
408 1376 543 1460 triginta
564 1376 734 1460 argenteis.
782 1374 888 1460 [Zech.
911 1376 953 1438 xi.
978 1373 1046 1458 12]

293 1509 322 1568 l.
369 1504 466 1572 Quod
487 1505 523 1568 in
545 1504 654 1568 anima
674 1504 809 1583 turbari,
856 1503 920 1588 [Jo.
942 1504 996 1568 xii.
1020 1502 1088 1587 27]

291 1635 323 1695 2.
455 1631 594 1709 Taedere‚
644 1631 747 1716 [Mar.
769 1631 834 1695 xiii.
858 1630 927 1714 33.]

313 1807 321 1824 .
453 1760 582 1838 Parere,
630 1760 736 1845 [Ιὸὶά]

314 1935 321 1951 .
454 1887 586 1951 Tristari
608 1887 649 1951 ad
671 1895 818 1967 mortem,
866 1889 977 1974 [Matr.
1001 1887 1086 1953 xxvi.
1110 1887 1177 1972 38]

312 2061 320 2077 .
455 2012 498 2078 Ιιι
520 2016 635 2098 agonia
656 2017 735 2090 fieri,
782 2016 870 2101 [Iaso
895 2016 970 2081 xxii.
993 2017 1064 2101 44]

312 2189 320 2205 .
453 2142 635 2207 Clamorem
656 2145 798 2211 validum
820 2144 978 2222 emittere,
1025 2141 1117 2231 [Luc.
1140 2143 1228 2208 xxiii.
1251 2145 1321 2230 46]

312 2315 320 2330 .
453 2271 626 2354 Lacrymas
647 2271 791 2344 fundere,
839 2271 932 2357 [Heb.
955 2294 983 2335 v.
1008 2271 1052 2357 7]

312 2442 320 2458 .
453 2398 594 2463 Grumos
617 2401 781 2484 sanguinis
804 2400 918 2464 sudare

509 2549 610 2610 usque
620 2529 661 2592 ad
671 2529 937 2594 madefactionem
945 2537 1047 2594 terrae.
1065 2527 1155 2612 [Luc.
1165 2529 1240 2593 xxii.
1250 2529 1321 2615 44]

688 2779 901 2843 Gethremone.

292 2912 320 2973 l.
368 2911 463 2978 Quod
485 2912 668 2997 Discipulos
691 2915 841 2999 soporari,
887 2912 1000 3000 [Mau.
1024 2915 1107 2979 xxvi.
1129 2915 1201 3000 43]

312 3084 319 3100 .
452 3040 548 3103 unius
570 3061 682 3106 eorum
704 3043 813 3106 osculo
834 3041 935 3126 prodi,
982 3041 1086 3127 [Vere.
1111 3040 1181 3128 49]

292 3164 323 3227 3.
454 3165 593 3250 reliquos
616 3167 832 3247 scandalizari,
880 3167 987 3252 [Vero.
1011 3168 1080 3253 33]

528 3301 560 3357 et
581 3295 617 3357 in
637 3295 748 3379 firgam
770 3296 860 3369 verti,
908 3295 1012 3380 [Vero.
1035 3295 1105 3380 56.]

312 3463 320 3480 .
455 3419 549 3482 Solus
571 3420 717 3503 relinqui,
764 3421 873 3506 [Ibin]

312 3591 319 3606 .
453 3549 592 3612 ePetro
614 3548 734 3632 negari,
781 3549 883 3636 [Vere.
908 3551 975 3636 70.]

539 3695 613 3738 eum
635 3675 812 3758 ejuratione
858 3676 967 3761 [Vero.
993 3678 1062 3762 72]

699 3813 732 3869 et

291 3926 319 3988 7.
538 3931 827 3999 Anathematismo.
875 3933 982 4018 [Vero.
1007 3933 1076 4017 74]
1106 3992 1109 3999 .

356 4054 452 4120 Quod
472 4060 625 4139 potestati
647 4060 853 4125 tenebrarum
875 4059 997 4144 subjici.
1045 4044 1135 4145 [Lur.
1151 4060 1226 4126 xxii.
1251 4061 1320 4146 53.]

292 4182 320 4243 1.
366 4181 462 4249 Quod
484 4204 598 4248 manus
618 4186 717 4270 injici,
765 4164 874 4272 [Mart.
898 4188 979 4252 mi.
1004 4188 1070 4273 oo]

289 4309 320 4370 2.
408 4315 446 4373 ut
467 4309 549 4375 latro
572 4312 808 4395 comprehendi,
856 4313 956 4397 [Vere.
980 4316 1048 4401 55.]
