<?xml version="1.0" encoding="UTF-8"?>
<!DOCTYPE html PUBLIC "-//W3C//DTD XHTML 1.0 Transitional//EN"
    "http://www.w3.org/TR/xhtml1/DTD/xhtml1-transitional.dtd">
<html xmlns="http://www.w3.org/1999/xhtml" xml:lang="en" lang="en">
 <head>
  <title>
</title>
<meta http-equiv="Content-Type" content="text/html;charset=utf-8" />
  <meta name='ocr-system' content='tesseract 3.04.00' />
  <meta name='ocr-capabilities' content='ocr_page ocr_carea ocr_par ocr_line ocrx_word'/>
</head>
<body>
  <div class='ocr_page' id='page_1' title='image "./precesprivataeq00andrgoog_0025.png"; bbox 0 0 2910 5002; ppageno 0'>
   <div class='ocr_carea' id='block_1_1' title="bbox 410 408 1192 475">
    <p class='ocr_par' dir='ltr' id='par_1_1' title="bbox 410 408 1192 475">
     <span class='ocr_line' id='line_1_1' title="bbox 410 408 1192 475; baseline -0.004 -3"><span class='ocrx_word' id='word_1_1' title='bbox 410 410 579 472; x_wconf 82' lang='lat' dir='ltr'><strong>PRECES</strong></span> <span class='ocrx_word' id='word_1_2' title='bbox 605 408 920 475; x_wconf 75' lang='lat' dir='ltr'>QUOTIDIANAE.</span> <span class='ocrx_word' id='word_1_3' title='bbox 1173 411 1192 470; x_wconf 88' lang='grc'>7</span> 
     </span>
    </p>
   </div>
   <div class='ocr_carea' id='block_1_2' title="bbox 88 592 1205 3220">
    <p class='ocr_par' dir='ltr' id='par_1_2' title="bbox 138 592 1193 806">
     <span class='ocr_line' id='line_1_2' title="bbox 138 592 1193 678; baseline -0.004 -20"><span class='ocrx_word' id='word_1_4' title='bbox 138 595 248 659; x_wconf 89' lang='lat' dir='ltr'>Verba</span> <span class='ocrx_word' id='word_1_5' title='bbox 269 595 452 678; x_wconf 90' lang='lat' dir='ltr'>iniquorum</span> <span class='ocrx_word' id='word_1_6' title='bbox 472 594 709 677; x_wconf 87' lang='lat' dir='ltr'>praevaluerunt</span> <span class='ocrx_word' id='word_1_7' title='bbox 727 614 821 676; x_wconf 87' lang='lat' dir='ltr'>super</span> <span class='ocrx_word' id='word_1_8' title='bbox 839 613 901 669; x_wconf 91' lang='lat' dir='ltr'>me,</span> <span class='ocrx_word' id='word_1_9' title='bbox 921 600 954 655; x_wconf 93' lang='lat' dir='ltr'>et</span> <span class='ocrx_word' id='word_1_10' title='bbox 975 592 1193 675; x_wconf 82' lang='lat' dir='ltr'>impietatibus</span> 
     </span>
     <span class='ocr_line' id='line_1_3' title="bbox 183 716 904 806; baseline -0.004 -21"><span class='ocrx_word' id='word_1_11' title='bbox 183 723 302 786; x_wconf 89' lang='lat' dir='ltr'>nostris</span> <span class='ocrx_word' id='word_1_12' title='bbox 316 731 353 787; x_wconf 92' lang='lat' dir='ltr'>tu</span> <span class='ocrx_word' id='word_1_13' title='bbox 367 716 598 806; x_wconf 82' lang='lat' dir='ltr'>propitiaberis.</span> <span class='ocrx_word' id='word_1_14' title='bbox 644 722 730 784; x_wconf 82' lang='lat' dir='ltr'>Paul.</span> <span class='ocrx_word' id='word_1_15' title='bbox 747 720 808 783; x_wconf 78' lang='lat' dir='ltr'>biv.</span> <span class='ocrx_word' id='word_1_16' title='bbox 826 723 857 798; x_wconf 81' lang='lat'>2,</span> <span class='ocrx_word' id='word_1_17' title='bbox 873 723 904 784; x_wconf 88' lang='grc'>3.</span> 
     </span>
    </p>

    <p class='ocr_par' dir='ltr' id='par_1_3' title="bbox 141 851 626 934">
     <span class='ocr_line' id='line_1_4' title="bbox 141 851 626 934; baseline -0.006 -18"><span class='ocrx_word' id='word_1_18' title='bbox 141 852 291 930; x_wconf 89' lang='lat' dir='ltr'>Domine,</span> <span class='ocrx_word' id='word_1_19' title='bbox 307 852 392 915; x_wconf 88' lang='lat' dir='ltr'>labia</span> <span class='ocrx_word' id='word_1_20' title='bbox 406 871 479 914; x_wconf 90' lang='lat' dir='ltr'>mea</span> <span class='ocrx_word' id='word_1_21' title='bbox 493 851 626 934; x_wconf 85' lang='lat' dir='ltr'>aperies,</span> 
     </span>
    </p>

    <p class='ocr_par' dir='ltr' id='par_1_4' title="bbox 141 974 1091 1043">
     <span class='ocr_line' id='line_1_5' title="bbox 141 974 1091 1043; baseline -0.006 0"><span class='ocrx_word' id='word_1_22' title='bbox 141 980 184 1043; x_wconf 85' lang='lat' dir='ltr'>Et</span> <span class='ocrx_word' id='word_1_23' title='bbox 199 1001 236 1042; x_wconf 85' lang='lat' dir='ltr'>os</span> <span class='ocrx_word' id='word_1_24' title='bbox 250 1000 358 1042; x_wconf 87' lang='lat' dir='ltr'>meum</span> <span class='ocrx_word' id='word_1_25' title='bbox 374 977 581 1041; x_wconf 82' lang='lat' dir='ltr'>annuntiabit</span> <span class='ocrx_word' id='word_1_26' title='bbox 592 975 721 1039; x_wconf 88' lang='lat' dir='ltr'>laudem</span> <span class='ocrx_word' id='word_1_27' title='bbox 736 983 836 1038; x_wconf 89' lang='lat' dir='ltr'>tuam.</span> <span class='ocrx_word' id='word_1_28' title='bbox 883 976 971 1043; x_wconf 84' lang='lat' dir='ltr'>Paul.</span> <span class='ocrx_word' id='word_1_29' title='bbox 987 974 1020 1038; x_wconf 92' lang='lat' dir='ltr'>li.</span> <span class='ocrx_word' id='word_1_30' title='bbox 1039 977 1091 1038; x_wconf 88' lang='lat'>15.</span> 
     </span>
    </p>

    <p class='ocr_par' dir='ltr' id='par_1_5' title="bbox 142 1102 1197 1425">
     <span class='ocr_line' id='line_1_6' title="bbox 142 1102 1196 1191; baseline -0.003 -21"><span class='ocrx_word' id='word_1_31' title='bbox 142 1108 212 1191; x_wconf 75' lang='lat' dir='ltr'>Ego</span> <span class='ocrx_word' id='word_1_32' title='bbox 234 1115 341 1170; x_wconf 88' lang='lat' dir='ltr'>autem</span> <span class='ocrx_word' id='word_1_33' title='bbox 365 1107 400 1168; x_wconf 91' lang='lat' dir='ltr'>in</span> <span class='ocrx_word' id='word_1_34' title='bbox 421 1104 630 1169; x_wconf 90' lang='lat' dir='ltr'>multitudine</span> <span class='ocrx_word' id='word_1_35' title='bbox 652 1102 879 1167; x_wconf 84' lang='lat' dir='ltr'>misericordiae</span> <span class='ocrx_word' id='word_1_36' title='bbox 900 1112 965 1167; x_wconf 82' lang='lat' dir='ltr'>tuae</span> <span class='ocrx_word' id='word_1_37' title='bbox 986 1103 1134 1168; x_wconf 86' lang='lat' dir='ltr'>accedam</span> <span class='ocrx_word' id='word_1_38' title='bbox 1155 1105 1196 1167; x_wconf 87' lang='lat' dir='ltr'>ad</span> 
     </span>
     <span class='ocr_line' id='line_1_7' title="bbox 186 1231 1197 1315; baseline -0.005 -16"><span class='ocrx_word' id='word_1_39' title='bbox 186 1234 318 1299; x_wconf 92' lang='lat' dir='ltr'>domum</span> <span class='ocrx_word' id='word_1_40' title='bbox 340 1242 441 1312; x_wconf 87' lang='lat' dir='ltr'>tuam,</span> <span class='ocrx_word' id='word_1_41' title='bbox 466 1231 603 1297; x_wconf 88' lang='lat' dir='ltr'>adorabo</span> <span class='ocrx_word' id='word_1_42' title='bbox 626 1231 667 1295; x_wconf 87' lang='lat' dir='ltr'>ad</span> <span class='ocrx_word' id='word_1_43' title='bbox 693 1237 840 1295; x_wconf 89' lang='lat' dir='ltr'>sanctum</span> <span class='ocrx_word' id='word_1_44' title='bbox 866 1240 960 1295; x_wconf 88' lang='lat' dir='ltr'>tuum</span> <span class='ocrx_word' id='word_1_45' title='bbox 982 1232 1139 1315; x_wconf 89' lang='lat' dir='ltr'>templum</span> <span class='ocrx_word' id='word_1_46' title='bbox 1162 1233 1197 1294; x_wconf 88' lang='lat' dir='ltr'>in</span> 
     </span>
     <span class='ocr_line' id='line_1_8' title="bbox 186 1361 602 1425; baseline -0.01 0"><span class='ocrx_word' id='word_1_47' title='bbox 186 1363 302 1425; x_wconf 86' lang='lat' dir='ltr'>timore</span> <span class='ocrx_word' id='word_1_48' title='bbox 317 1362 374 1424; x_wconf 85' lang='lat' dir='ltr'>tui.</span> <span class='ocrx_word' id='word_1_49' title='bbox 421 1361 509 1424; x_wconf 83' lang='lat' dir='ltr'>Paul.</span> <span class='ocrx_word' id='word_1_50' title='bbox 525 1381 554 1424; x_wconf 82' lang='lat' dir='ltr'>v.</span> <span class='ocrx_word' id='word_1_51' title='bbox 573 1363 602 1422; x_wconf 82' lang='lat'>7.</span> 
     </span>
    </p>

    <p class='ocr_par' dir='ltr' id='par_1_6' title="bbox 88 1467 1199 1826">
     <span class='ocr_line' id='line_1_9' title="bbox 88 1467 1199 1572; baseline 0 -20"><span class='ocrx_word' id='word_1_52' title='bbox 88 1544 97 1558; x_wconf 81' lang='grc'><strong>.</strong></span> <span class='ocrx_word' id='word_1_53' title='bbox 144 1489 279 1567; x_wconf 82' lang='lat' dir='ltr'>Exaudi,</span> <span class='ocrx_word' id='word_1_54' title='bbox 309 1467 457 1560; x_wconf 87' lang='lat' dir='ltr'>Domina,</span> <span class='ocrx_word' id='word_1_55' title='bbox 483 1509 593 1553; x_wconf 88' lang='lat' dir='ltr'>vocem</span> <span class='ocrx_word' id='word_1_56' title='bbox 619 1487 772 1551; x_wconf 85' lang='lat' dir='ltr'>orationis</span> <span class='ocrx_word' id='word_1_57' title='bbox 797 1508 876 1550; x_wconf 83' lang='lat' dir='ltr'>mcae</span> <span class='ocrx_word' id='word_1_58' title='bbox 901 1487 936 1549; x_wconf 94' lang='lat' dir='ltr'>in</span> <span class='ocrx_word' id='word_1_59' title='bbox 965 1494 1109 1571; x_wconf 90' lang='lat' dir='ltr'>tempore</span> <span class='ocrx_word' id='word_1_60' title='bbox 1135 1511 1199 1572; x_wconf 92' lang='lat' dir='ltr'>quo</span> 
     </span>
     <span class='ocr_line' id='line_1_10' title="bbox 187 1598 1199 1698; baseline 0.002 -20"><span class='ocrx_word' id='word_1_61' title='bbox 187 1637 299 1698; x_wconf 84' lang='lat' dir='ltr'>precor</span> <span class='ocrx_word' id='word_1_62' title='bbox 315 1615 356 1679; x_wconf 90' lang='lat' dir='ltr'>ad</span> <span class='ocrx_word' id='word_1_63' title='bbox 376 1623 419 1692; x_wconf 88' lang='lat' dir='ltr'>te,</span> <span class='ocrx_word' id='word_1_64' title='bbox 440 1598 473 1679; x_wconf 85' lang='lat' dir='ltr'>et</span> <span class='ocrx_word' id='word_1_65' title='bbox 497 1614 610 1679; x_wconf 90' lang='lat' dir='ltr'>attollo</span> <span class='ocrx_word' id='word_1_66' title='bbox 632 1636 746 1689; x_wconf 86' lang='lat' dir='ltr'>manus</span> <span class='ocrx_word' id='word_1_67' title='bbox 768 1636 855 1678; x_wconf 84' lang='lat' dir='ltr'>meas</span> <span class='ocrx_word' id='word_1_68' title='bbox 872 1614 913 1677; x_wconf 88' lang='lat' dir='ltr'>ad</span> <span class='ocrx_word' id='word_1_69' title='bbox 935 1621 1083 1678; x_wconf 88' lang='lat' dir='ltr'>sanctum</span> <span class='ocrx_word' id='word_1_70' title='bbox 1104 1623 1199 1680; x_wconf 89' lang='lat' dir='ltr'>tuum</span> 
     </span>
     <span class='ocr_line' id='line_1_11' title="bbox 187 1741 658 1826; baseline -0.006 -19"><span class='ocrx_word' id='word_1_71' title='bbox 187 1743 355 1826; x_wconf 77' lang='lat' dir='ltr'>templum.</span> <span class='ocrx_word' id='word_1_72' title='bbox 401 1743 489 1805; x_wconf 84' lang='lat' dir='ltr'>Paul.</span> <span class='ocrx_word' id='word_1_73' title='bbox 505 1741 609 1806; x_wconf 84' lang='lat' dir='ltr'>xxviii.</span> <span class='ocrx_word' id='word_1_74' title='bbox 627 1745 658 1805; x_wconf 82' lang='lat'>2.</span> 
     </span>
    </p>

    <p class='ocr_par' dir='ltr' id='par_1_7' title="bbox 148 1867 1200 2060">
     <span class='ocr_line' id='line_1_12' title="bbox 148 1867 1200 1953; baseline 0.002 -20"><span class='ocrx_word' id='word_1_75' title='bbox 148 1870 374 1953; x_wconf 72' lang='lat' dir='ltr'>suscipiamus,</span> <span class='ocrx_word' id='word_1_76' title='bbox 387 1870 536 1946; x_wconf 87' lang='lat' dir='ltr'>Domine,</span> <span class='ocrx_word' id='word_1_77' title='bbox 548 1867 798 1933; x_wconf 78' lang='lat' dir='ltr'>miscricordiam</span> <span class='ocrx_word' id='word_1_78' title='bbox 813 1876 904 1932; x_wconf 91' lang='lat' dir='ltr'>tuam</span> <span class='ocrx_word' id='word_1_79' title='bbox 919 1869 956 1933; x_wconf 91' lang='lat' dir='ltr'>in</span> <span class='ocrx_word' id='word_1_80' title='bbox 970 1870 1076 1935; x_wconf 87' lang='lat' dir='ltr'>medio</span> <span class='ocrx_word' id='word_1_81' title='bbox 1085 1872 1200 1935; x_wconf 92' lang='lat' dir='ltr'>domus</span> 
     </span>
     <span class='ocr_line' id='line_1_13' title="bbox 189 1995 563 2060; baseline -0.005 -1"><span class='ocrx_word' id='word_1_82' title='bbox 189 2005 264 2060; x_wconf 85' lang='lat' dir='ltr'>tuac.</span> <span class='ocrx_word' id='word_1_83' title='bbox 311 1997 402 2058; x_wconf 82' lang='lat' dir='ltr'>Paul.</span> <span class='ocrx_word' id='word_1_84' title='bbox 418 1995 516 2058; x_wconf 81' lang='lat' dir='ltr'>xlviii.</span> <span class='ocrx_word' id='word_1_85' title='bbox 532 1998 563 2058; x_wconf 91' lang='lat'>9.</span> 
     </span>
    </p>

    <p class='ocr_par' dir='ltr' id='par_1_8' title="bbox 148 2122 1201 2333">
     <span class='ocr_line' id='line_1_14' title="bbox 148 2122 1201 2206; baseline 0.005 -19"><span class='ocrx_word' id='word_1_86' title='bbox 148 2124 277 2187; x_wconf 89' lang='lat' dir='ltr'>Memor</span> <span class='ocrx_word' id='word_1_87' title='bbox 298 2131 377 2201; x_wconf 86' lang='lat' dir='ltr'>esto,</span> <span class='ocrx_word' id='word_1_88' title='bbox 402 2123 552 2201; x_wconf 88' lang='lat' dir='ltr'>Domine,</span> <span class='ocrx_word' id='word_1_89' title='bbox 577 2122 713 2186; x_wconf 83' lang='lat' dir='ltr'>fratrum</span> <span class='ocrx_word' id='word_1_90' title='bbox 735 2123 828 2187; x_wconf 91' lang='lat' dir='ltr'>nobis</span> <span class='ocrx_word' id='word_1_91' title='bbox 854 2124 1141 2206; x_wconf 87' lang='lat' dir='ltr'>circumstantium,</span> <span class='ocrx_word' id='word_1_92' title='bbox 1168 2137 1201 2192; x_wconf 89' lang='lat' dir='ltr'>et</span> 
     </span>
     <span class='ocr_line' id='line_1_15' title="bbox 192 2249 748 2333; baseline -0.005 -19"><span class='ocrx_word' id='word_1_93' title='bbox 192 2250 462 2333; x_wconf 81' lang='lat' dir='ltr'>comprecantium</span> <span class='ocrx_word' id='word_1_94' title='bbox 477 2249 571 2312; x_wconf 88' lang='lat' dir='ltr'>nobis</span> <span class='ocrx_word' id='word_1_95' title='bbox 586 2249 646 2313; x_wconf 88' lang='lat' dir='ltr'>hac</span> <span class='ocrx_word' id='word_1_96' title='bbox 660 2249 748 2313; x_wconf 87' lang='lat' dir='ltr'>hora.</span> 
     </span>
    </p>

    <p class='ocr_par' dir='ltr' id='par_1_9' title="bbox 150 2378 842 2443">
     <span class='ocr_line' id='line_1_16' title="bbox 150 2378 842 2443; baseline 0 -1"><span class='ocrx_word' id='word_1_97' title='bbox 150 2380 279 2442; x_wconf 89' lang='lat' dir='ltr'>Memor</span> <span class='ocrx_word' id='word_1_98' title='bbox 293 2385 362 2443; x_wconf 86' lang='lat' dir='ltr'>esto</span> <span class='ocrx_word' id='word_1_99' title='bbox 377 2378 544 2442; x_wconf 78' lang='lat' dir='ltr'>industria</span> <span class='ocrx_word' id='word_1_100' title='bbox 559 2387 592 2442; x_wconf 89' lang='lat' dir='ltr'>et</span> <span class='ocrx_word' id='word_1_101' title='bbox 607 2378 706 2442; x_wconf 90' lang='lat' dir='ltr'>studii</span> <span class='ocrx_word' id='word_1_102' title='bbox 720 2400 842 2442; x_wconf 86' lang='lat' dir='ltr'>eorum.</span> 
     </span>
    </p>

    <p class='ocr_par' dir='ltr' id='par_1_10' title="bbox 152 2505 1205 2838">
     <span class='ocr_line' id='line_1_17' title="bbox 152 2505 1205 2589; baseline 0.005 -19"><span class='ocrx_word' id='word_1_103' title='bbox 152 2507 279 2570; x_wconf 87' lang='lat' dir='ltr'>Memor</span> <span class='ocrx_word' id='word_1_104' title='bbox 301 2505 397 2569; x_wconf 85' lang='lat' dir='ltr'>etiam</span> <span class='ocrx_word' id='word_1_105' title='bbox 419 2512 489 2568; x_wconf 87' lang='lat' dir='ltr'>esto</span> <span class='ocrx_word' id='word_1_106' title='bbox 508 2526 629 2584; x_wconf 90' lang='lat' dir='ltr'>eorum,</span> <span class='ocrx_word' id='word_1_107' title='bbox 650 2506 706 2587; x_wconf 92' lang='lat' dir='ltr'>qui</span> <span class='ocrx_word' id='word_1_108' title='bbox 725 2513 856 2589; x_wconf 87' lang='lat' dir='ltr'>propter</span> <span class='ocrx_word' id='word_1_109' title='bbox 869 2507 1075 2571; x_wconf 84' lang='lat' dir='ltr'>rationabiles</span> <span class='ocrx_word' id='word_1_110' title='bbox 1093 2531 1205 2575; x_wconf 86' lang='lat' dir='ltr'>causas</span> 
     </span>
     <span class='ocr_line' id='line_1_18' title="bbox 196 2631 1205 2708; baseline 0.004 -13"><span class='ocrx_word' id='word_1_111' title='bbox 196 2632 322 2708; x_wconf 89' lang='lat' dir='ltr'>absunt,</span> <span class='ocrx_word' id='word_1_112' title='bbox 338 2639 371 2695; x_wconf 91' lang='lat' dir='ltr'>et</span> <span class='ocrx_word' id='word_1_113' title='bbox 390 2631 547 2696; x_wconf 84' lang='lat' dir='ltr'>miserere·</span> <span class='ocrx_word' id='word_1_114' title='bbox 563 2653 674 2696; x_wconf 90' lang='lat' dir='ltr'>eorum</span> <span class='ocrx_word' id='word_1_115' title='bbox 692 2640 725 2696; x_wconf 91' lang='lat' dir='ltr'>at</span> <span class='ocrx_word' id='word_1_116' title='bbox 745 2632 847 2695; x_wconf 87' lang='lat' dir='ltr'>nostri</span> <span class='ocrx_word' id='word_1_117' title='bbox 867 2633 1043 2696; x_wconf 90' lang='lat' dir='ltr'>secundum</span> <span class='ocrx_word' id='word_1_118' title='bbox 1058 2636 1205 2700; x_wconf 91' lang='lat' dir='ltr'>multitu-</span> 
     </span>
     <span class='ocr_line' id='line_1_19' title="bbox 197 2759 984 2838; baseline 0.001 -15"><span class='ocrx_word' id='word_1_119' title='bbox 197 2760 305 2823; x_wconf 89' lang='lat' dir='ltr'>dinem</span> <span class='ocrx_word' id='word_1_120' title='bbox 320 2759 609 2824; x_wconf 85' lang='lat' dir='ltr'>misericordiarum</span> <span class='ocrx_word' id='word_1_121' title='bbox 624 2768 764 2838; x_wconf 88' lang='lat' dir='ltr'>tuarum,</span> <span class='ocrx_word' id='word_1_122' title='bbox 789 2761 818 2825; x_wconf 96' lang='grc' dir='ltr'>Ο</span> <span class='ocrx_word' id='word_1_123' title='bbox 836 2761 984 2824; x_wconf 89' lang='lat' dir='ltr'>Domina.</span> 
     </span>
    </p>

    <p class='ocr_par' dir='ltr' id='par_1_11' title="bbox 154 2880 979 2970">
     <span class='ocr_line' id='line_1_20' title="bbox 154 2880 979 2970; baseline 0 -19"><span class='ocrx_word' id='word_1_124' title='bbox 154 2880 360 2951; x_wconf 85' lang='lat' dir='ltr'>Celebremus</span> <span class='ocrx_word' id='word_1_125' title='bbox 375 2887 445 2970; x_wconf 90' lang='lat' dir='ltr'>pios</span> <span class='ocrx_word' id='word_1_126' title='bbox 461 2887 575 2969; x_wconf 85' lang='lat' dir='ltr'>Reges,</span> <span class='ocrx_word' id='word_1_127' title='bbox 592 2887 796 2951; x_wconf 86' lang='lat' dir='ltr'>Orthodoxos</span> <span class='ocrx_word' id='word_1_128' title='bbox 812 2889 979 2966; x_wconf 85' lang='lat' dir='ltr'>Praesulea,</span> 
     </span>
    </p>

    <p class='ocr_par' dir='ltr' id='par_1_12' title="bbox 242 3013 861 3220">
     <span class='ocr_line' id='line_1_21' title="bbox 242 3013 801 3096; baseline -0.002 -19"><span class='ocrx_word' id='word_1_129' title='bbox 242 3013 432 3077; x_wconf 86' lang='lat' dir='ltr'>Conditoras</span> <span class='ocrx_word' id='word_1_130' title='bbox 447 3015 544 3096; x_wconf 88' lang='lat' dir='ltr'>hujus</span> <span class='ocrx_word' id='word_1_131' title='bbox 560 3014 641 3076; x_wconf 86' lang='lat' dir='ltr'>sacri</span> <span class='ocrx_word' id='word_1_132' title='bbox 657 3014 801 3096; x_wconf 84' lang='lat' dir='ltr'>Collegii.</span> 
     </span>
     <span class='ocr_line' id='line_1_22' title="bbox 298 3140 861 3220; baseline 0.002 -16"><span class='ocrx_word' id='word_1_133' title='bbox 298 3141 410 3204; x_wconf 88' lang='lat' dir='ltr'>Gloria</span> <span class='ocrx_word' id='word_1_134' title='bbox 423 3140 484 3203; x_wconf 89' lang='lat' dir='ltr'>tibi</span> <span class='ocrx_word' id='word_1_135' title='bbox 500 3141 648 3217; x_wconf 87' lang='lat' dir='ltr'>Domine,</span> <span class='ocrx_word' id='word_1_136' title='bbox 665 3141 726 3204; x_wconf 91' lang='lat' dir='ltr'>tibi</span> <span class='ocrx_word' id='word_1_137' title='bbox 742 3143 861 3220; x_wconf 85' lang='lat' dir='ltr'>Gloria,</span> 
     </span>
    </p>
   </div>
   <div class='ocr_carea' id='block_1_3' title="bbox 157 3241 721 3353">
    <p class='ocr_par' dir='ltr' id='par_1_13' title="bbox 157 3241 721 3353">
     <span class='ocr_line' id='line_1_23' title="bbox 157 3241 721 3353; baseline -0.002 -18"><span class='ocrx_word' id='word_1_138' title='bbox 157 3271 270 3335; x_wconf 75' lang='lat' dir='ltr'>cloria</span> <span class='ocrx_word' id='word_1_139' title='bbox 284 3268 354 3349; x_wconf 83' lang='lat' dir='ltr'>tibi,</span> <span class='ocrx_word' id='word_1_140' title='bbox 369 3270 424 3352; x_wconf 84' lang='lat' dir='ltr'>qui</span> <span class='ocrx_word' id='word_1_141' title='bbox 437 3241 510 3334; x_wconf 69' lang='lat' dir='ltr'>&#39;snos</span> <span class='ocrx_word' id='word_1_142' title='bbox 526 3270 721 3353; x_wconf 82' lang='lat' dir='ltr'>glorificasti,</span> 
     </span>
    </p>
   </div>
   <div class='ocr_carea' id='block_1_4' title="bbox 158 3399 1211 3745">
    <p class='ocr_par' dir='ltr' id='par_1_14' title="bbox 158 3399 1211 3745">
     <span class='ocr_line' id='line_1_24' title="bbox 159 3399 797 3481; baseline -0.002 -19"><span class='ocrx_word' id='word_1_143' title='bbox 159 3401 295 3480; x_wconf 82' lang='lat' dir='ltr'>Propter</span> <span class='ocrx_word' id='word_1_144' title='bbox 309 3417 389 3479; x_wconf 86' lang='lat' dir='ltr'>qnos</span> <span class='ocrx_word' id='word_1_145' title='bbox 404 3403 438 3460; x_wconf 87' lang='lat' dir='ltr'>et</span> <span class='ocrx_word' id='word_1_146' title='bbox 452 3418 511 3460; x_wconf 88' lang='lat' dir='ltr'>nos</span> <span class='ocrx_word' id='word_1_147' title='bbox 526 3405 559 3461; x_wconf 87' lang='lat' dir='ltr'>te</span> <span class='ocrx_word' id='word_1_148' title='bbox 574 3399 797 3481; x_wconf 83' lang='lat' dir='ltr'>glorificamus.</span> 
     </span>
     <span class='ocr_line' id='line_1_25' title="bbox 158 3525 1211 3608; baseline 0.009 -20"><span class='ocrx_word' id='word_1_149' title='bbox 158 3525 364 3608; x_wconf 87' lang='lat' dir='ltr'>Aperiantur,</span> <span class='ocrx_word' id='word_1_150' title='bbox 381 3546 495 3608; x_wconf 86' lang='lat' dir='ltr'>quaeso,</span> <span class='ocrx_word' id='word_1_151' title='bbox 512 3527 596 3590; x_wconf 90' lang='lat' dir='ltr'>oculi</span> <span class='ocrx_word' id='word_1_152' title='bbox 613 3528 671 3604; x_wconf 91' lang='lat' dir='ltr'>tui,</span> <span class='ocrx_word' id='word_1_153' title='bbox 689 3534 722 3589; x_wconf 88' lang='lat' dir='ltr'>ct</span> <span class='ocrx_word' id='word_1_154' title='bbox 742 3548 834 3590; x_wconf 87' lang='lat' dir='ltr'>aures</span> <span class='ocrx_word' id='word_1_155' title='bbox 851 3535 917 3590; x_wconf 84' lang='lat' dir='ltr'>tuae</span> <span class='ocrx_word' id='word_1_156' title='bbox 931 3527 1067 3594; x_wconf 83' lang='lat' dir='ltr'>intentae</span> <span class='ocrx_word' id='word_1_157' title='bbox 1090 3532 1155 3596; x_wconf 90' lang='lat' dir='ltr'>sint</span> <span class='ocrx_word' id='word_1_158' title='bbox 1172 3534 1211 3596; x_wconf 88' lang='lat' dir='ltr'>ad</span> 
     </span>
     <span class='ocr_line' id='line_1_26' title="bbox 204 3652 1211 3745; baseline 0.014 -31"><span class='ocrx_word' id='word_1_159' title='bbox 204 3652 391 3743; x_wconf 82' lang='lat' dir='ltr'>emtionem,</span> <span class='ocrx_word' id='word_1_160' title='bbox 410 3675 506 3736; x_wconf 91' lang='lat' dir='ltr'>quam</span> <span class='ocrx_word' id='word_1_161' title='bbox 529 3675 638 3718; x_wconf 88' lang='lat' dir='ltr'>servus</span> <span class='ocrx_word' id='word_1_162' title='bbox 660 3654 735 3718; x_wconf 83' lang='lat' dir='ltr'>tuiis</span> <span class='ocrx_word' id='word_1_163' title='bbox 757 3655 834 3719; x_wconf 87' lang='lat' dir='ltr'>facit</span> <span class='ocrx_word' id='word_1_164' title='bbox 856 3657 892 3718; x_wconf 89' lang='lat' dir='ltr'>in</span> <span class='ocrx_word' id='word_1_165' title='bbox 914 3657 974 3720; x_wconf 89' lang='lat' dir='ltr'>hoc</span> <span class='ocrx_word' id='word_1_166' title='bbox 996 3658 1075 3738; x_wconf 86' lang='lat' dir='ltr'>loca,</span> <span class='ocrx_word' id='word_1_167' title='bbox 1092 3661 1125 3724; x_wconf 92' lang='lat' dir='ltr'>in</span> <span class='ocrx_word' id='word_1_168' title='bbox 1149 3686 1211 3745; x_wconf 95' lang='lat' dir='ltr'>quo</span> 
     </span>
    </p>
   </div>
   <div class='ocr_carea' id='block_1_5' title="bbox 204 3780 1027 3848">
    <p class='ocr_par' dir='ltr' id='par_1_15' title="bbox 204 3780 1027 3848">
     <span class='ocr_line' id='line_1_27' title="bbox 204 3780 1027 3848; baseline 0.007 -6"><span class='ocrx_word' id='word_1_169' title='bbox 204 3780 386 3844; x_wconf 86' lang='lat' dir='ltr'>invocatum</span> <span class='ocrx_word' id='word_1_170' title='bbox 402 3788 452 3844; x_wconf 90' lang='lat' dir='ltr'>est</span> <span class='ocrx_word' id='word_1_171' title='bbox 467 3802 587 3845; x_wconf 88' lang='lat' dir='ltr'>nomen</span> <span class='ocrx_word' id='word_1_172' title='bbox 602 3789 705 3846; x_wconf 90' lang='lat' dir='ltr'>tuum.</span> <span class='ocrx_word' id='word_1_173' title='bbox 752 3784 771 3845; x_wconf 82' lang='lat'><strong>2</strong></span> <span class='ocrx_word' id='word_1_174' title='bbox 789 3785 900 3846; x_wconf 68' lang='lat' dir='ltr'>Circa.</span> <span class='ocrx_word' id='word_1_175' title='bbox 918 3785 958 3847; x_wconf 90' lang='lat' dir='ltr'>vi.</span> <span class='ocrx_word' id='word_1_176' title='bbox 974 3787 1027 3848; x_wconf 84' lang='lat'>40.</span> 
     </span>
    </p>
   </div>
   <div class='ocr_carea' id='block_1_6' title="bbox 0 0 1492 5002">
    <p class='ocr_par' dir='ltr' id='par_1_16' title="bbox 0 0 1492 5002">
     <span class='ocr_line' id='line_1_28' title="bbox 0 0 1492 5002; baseline 0 0"><span class='ocrx_word' id='word_1_177' title='bbox 0 0 1492 5002; x_wconf 95' lang='lat' dir='ltr'> </span> 
     </span>
    </p>
   </div>
  </div>
 </body>
</html>
