2910 5002
243 433 308 496 346
518 433 688 500 Paucas
713 431 1031 499 QUOTIDIANAE.

445 603 496 667 Ex
525 602 661 667 honesta
904 601 982 664 muli
995 600 1091 695 corvi

343 792 345 796 ,
441 742 444 749 “
503 729 679 814 parentela,
718 744 720 748 ‘
758 689 844 770 *non
859 620 1025 795 {malum
1048 751 1154 808 ovum,

378 858 544 936 Senectus,
641 919 644 926 ,
778 877 846 921 non
868 857 997 937 bardus,

376 986 518 1069 Integris
542 985 697 1071 sensibus,
775 1007 880 1069 neque
903 1007 1005 1050 eaecus
1028 1005 1133 1070 neque
1154 985 1281 1073 surdus,

417 1150 419 1155 >
502 1113 704 1191 :membris,
771 1134 875 1196 neque
890 1113 1024 1178 claudus
1038 1134 1142 1205 neque
1156 1130 1321 1191 mancus,

373 1239 551 1320 Educatus,
733 1274 752 1280 ·‡
774 1261 842 1305 non
862 1241 1035 1325 expositus,

374 1368 551 1447 Literatus,
773 1389 842 1432 non
864 1369 1078 1442 mechanicus,

279 1475 289 1490 ⁶
374 1494 586 1573 Christianus,
758 1515 840 1583 ‘non
861 1496 1020 1579 Paganus,

374 1622 497 1686 Brutus
518 1644 537 1686 e
558 1622 716 1706 periculis,
856 1660 870 1692 ,·
1024 1666 1027 1673 -
1082 1624 1185 1702 illis,

772 1713 840 1756 non
862 1692 1031 1778 absorptus
1050 1692 1094 1797 'ab
1111 1752 1177 1832 illa,
1266 1772 1270 1825 g

374 1876 411 1940 in
432 1877 545 1942 diebus
567 1880 665 1963 pacis,
774 1900 843 1943 non
860 1879 1002 1963 jactatus
1023 1879 1059 1944 in
1079 1882 1239 1966 procellis,

470 1761 472 1764 ’
513 1771 553 1814 ex
573 1749 717 1829 infamia,

374 2027 414 2071 cx
435 2007 574 2073 honesta
593 2009 734 2087 fortuna,
771 2014 810 2072 ut
832 2029 938 2092 neque
960 2008 1085 2072 adulari

770 2156 851 2218 opus
872 2134 1020 2214 habeam,

736 2328 739 2333 ,
771 2283 877 2346 neque
899 2270 1013 2328 mutuo
1036 2264 1188 2349 accipere,

372 2387 489 2452 Multis
511 2388 651 2473 peccatis
673 2388 838 2468 liberatus,

483 2563 486 2569 ,
607 2540 610 2546 -
697 2550 819 2630 ΘΗΜ,
834 2501 1140 2696 {Redemptio¹

880 2631 1026 2712 Vocatio,
1086 2697 1088 2701 ,

372 2690 520 2754 Donatus
543 2690 635 2755 donis

524 2815 526 2821 s
634 2805 636 2810 ⁷
695 2760 846 2839 Naturae,

697 2888 861 2983 Fortunae.

242 3059 316 3140 Qui,
339 3059 518 3124 secundum
539 3058 789 3125 misericordiam
812 3060 916 3124 Tuam
936 3080 1098 3144 magnam,

282 3186 480 3272 regenerasti
500 3208 560 3252 nos
582 3187 617 3250 in
640 3208 730 3271 spem
751 3188 867 3266 vivam,
895 3184 898 3189 ’
992 3213 995 3219 ’

283 3335 340 3398 per
361 3313 630 3378 resurrectionem
653 3314 735 3377 Jnsu
758 3315 903 3393 Cnnlsrr,

327 3443 364 3506 in
384 3443 607 3507 haereditatem
628 3442 915 3526 incorruptibilem,

369 3578 403 3635 et
424 3559 726 3648 incontaminatam,

413 3705 446 3762 et
467 3696 772 3775 immarcessibilem,
825 3745 828 3749 .

325 3810 545 3900 conservatam
566 3814 602 3899 in
625 3834 713 3900 coelis
735 3855 794 3918 pro
816 3833 922 3898 nobis.
969 3831 1072 3896 lPet.
1089 3830 1110 3894 i.
1127 3831 1158 3894 3.
1177 3826 1237 3912 [4.]
1309 3856 1313 3869 ·

240 3959 306 4027 Qui
326 3961 521 4027 benedixisti
543 3964 622 4027 mihi
645 3963 681 4026 in
703 3962 792 4027 omni
812 3960 1039 4027 benedictione
1092 3954 1095 3959 ’

326 4088 484 4172 spirituali
503 4091 539 4153 in
561 4090 745 4155 coelestibus

455 4218 491 4281 in
514 4219 654 4283 Christo.
700 4219 784 4299 Epic.
809 4215 829 4278 i
855 4218 886 4278 3.

239 4343 304 4413 Qui
326 4344 509 4412 consolatus
531 4366 565 4411 es
586 4367 639 4411 me
661 4346 697 4410 in
720 4344 809 4411 omni
831 4343 1041 4410 tribulatione
1063 4363 1145 4422 mea,
