2910 5002
468 449 640 515 Pnucus
664 445 982 517 QUOmDIANAE.
1193 448 1256 514 201

283 614 369 681 siout
390 617 552 703 prioribus
576 619 703 684 saeculis

415 745 529 810 Patres
550 752 688 823 nostros,

284 871 348 936 Per
369 873 582 959 quodeunque
604 873 665 938 tibi
687 873 791 953 dulce,
813 879 870 937 aut
892 872 1036 951 charum,

198 998 252 1063 Ab
273 1001 363 1065 omni
384 1002 470 1067 malo
492 1009 526 1066 et
549 1002 693 1082 adverso,

242 1128 286 1193 In
307 1129 396 1193 omni
417 1129 575 1214 angustiae
596 1138 752 1215 tempore.

284 1254 339 1320 Ab
360 1255 423 1320 hoo
444 1256 530 1321 malo
552 1265 586 1321 et
608 1256 740 1322 adverso

329 1382 373 1446 In
394 1383 457 1448 hoo
477 1392 633 1469 tempore,

199 1505 308 1592 Eripe,
331 1509 418 1574 salva
437 1532 501 1575 me.

286 1635 406 1702 Libera
427 1658 489 1718 me,
512 1637 663 1717 Domine,

199 1762 254 1841 Et,
274 1784 318 1829 ne
339 1785 535 1851 corrumpas.

339 1892 438 1957 cubili
459 1893 667 1973 infirmitatis,

243 2018 287 2083 In
338 2018 419 2085 hora
439 2021 564 2100 mortis,

345 2148 396 2213 die
419 2149 548 2223 Judicii,
839 2227 845 2242 ι

201 2272 238 2339 in
258 2275 428 2340 tremenda
449 2283 482 2341 et
503 2277 641 2342 terribili
663 2275 716 2341 die
737 2273 804 2356 illa,

243 2400 351 2487 Eripe,
374 2402 526 2482 Domine,
550 2410 583 2467 et
605 2404 693 2468 salva
713 2424 776 2468 me.

333 2531 484 2595 -Vultum
506 2530 631 2596 Judioia
653 2531 781 2596 tristem
795 2529 963 2617 aspiciam,
993 2531 1105 2617 [Apoc.
1121 2529 1163 2598 vi.
1185 2528 1252 2614 16.]

346 2678 366 2723 a
387 2659 526 2724 sinistris
547 2661 694 2740 collocer,
722 2660 837 2746 [Matr.
858 2681 932 2725 xxv.
953 2659 1022 2743 bb]

345 2787 539 2853 horrendam
561 2809 670 2854 vocem
692 2788 831 2869 audiam,

233 2918 287 2982 Ne
562 2916 727 2983 Discedite
749 2938 859 2994 ame;
909 2915 1016 3001 [Vm.
1031 2914 1100 3000 41.]

345 3044 478 3110 Catenis
500 3044 645 3128 caliginis
665 3045 797 3124 vinciar,
844 3044 878 3129 [2
900 3045 972 3109 Pet.
994 3042 1028 3108 ii.
1050 3043 1099 3127 4.]

345 3174 389 3239 In
409 3172 561 3238 tenebras
583 3173 755 3238 exteriores
778 3171 897 3257 ejiciar,
953 3172 1067 3256 [Mate.
1089 3193 1161 3236 xxv.
1183 3170 1253 3257 30.]

344 3300 382 3366 in
403 3307 518 3385 stagno
536 3299 621 3385 ignis
642 3306 676 3364 et
698 3298 860 3384 sulphuris
880 3305 1042 3383 torquear,

374 3429 444 3496 Ubi
464 3428 572 3494 fumus
593 3435 860 3507 tormentorum,

459 3555 615 3620 Ascendit
636 3555 672 3620 in
694 3555 857 3620 saeculum.
897 3554 1009 3640 [Aper.
1031 3552 1094 3619 xiv.
1117 3555 1167 3633 10,
1192 3554 1256 3638 11.]

330 3681 503 3767 Propitius,
525 3681 681 3766 propitius
703 3691 791 3748 esto:
1048 3665 1060 3683 ⁴

305 3847 309 3855 ·
373 3812 474 3877 Parce
495 3810 599 3889 nobis,

416 3937 574 4003 Miserere
595 3935 700 4016 nobis,

459 4066 489 4130 0
512 4065 663 4143 Domine,

197 4192 244 4257 Et
264 4213 307 4257 ne
329 4212 514 4278 oorrnmpas
534 4214 595 4258 nos
616 4193 652 4257 in
674 4192 837 4273 aaeculum,

243 4316 377 4402 [Libera
399 4325 432 4384 et
454 4319 652 4404 servanus]
745 4356 747 4362 ·
