2910 5002
431 465 600 531 PRECES
625 464 941 532 QUOTIDIANAE.
1146 459 1214 532 357

161 625 229 693 Καὶ
250 629 433 716 μεριμνήσω
450 628 533 717 ὑπὲρ
548 633 605 712 τῆς
619 628 779 717 ἁμαρτίας
792 654 864 712 μου.
908 630 996 694 Ρεαὶ.
1013 628 1142 694 mviii.
1160 629 1210 692 18.

160 756 227 822 Καὶ
249 755 305 822 ἐὰν
326 756 406 841 ἔλθῃ
428 758 462 822 ἐν
483 761 523 842 τῇ
545 755 675 845 δευτέρᾳ
696 760 838 843 φυλακῇ,

244 883 300 950 καὶ
320 883 378 949 ἐὰν
400 883 434 949 ἐν
454 886 494 969 τῇ
516 881 609 971 τρίτῃ
631 885 771 970 φυλακῇ,

330 1010 385 1077 καὶ
406 1009 480 1099 εὕρῃ
503 1010 596 1092 οὕτω,

158 1137 330 1227 Μακάριοί
348 1139 484 1206 εἰσινοὶ
504 1139 613 1206 δοῦλοι
634 1139 758 1206 ἐκεῖνοι.
802 1141 878 1205 Lae.
901 1139 956 1206 xii.
977 1142 1033 1206 38.

158 1394 367 1461 Poenitetne?
413 1397 577 1481 Pigetne?
621 1396 795 1461 Pudetne?

158 1524 323 1589 Doletne?
369 1527 557 1590 Horretne?
603 1524 780 1590 Taedetne?

247 1652 282 1716 Si
303 1674 370 1717 non
391 1654 517 1736 septies,
539 1660 578 1716 ut
600 1653 715 1732 David,
762 1652 864 1736 [Psal.
888 1650 969 1739 cxix3
994 1650 1081 1735 164.]

330 1785 441 1843 tamen
462 1786 522 1857 ter,
544 1785 582 1843 ut
604 1779 731 1842 Daniel.
778 1779 875 1863 [Dan.
899 1778 939 1842 vi.
962 1777 1009 1862 4.]

245 1907 378 1986 Sinon,
401 1913 439 1970 ut
463 1906 623 1986 Salomon,
646 1906 777 1990 prolixe,
825 1906 937 1991 [11209.
953 1905 1017 1970 viii.
1033 1905 1188 1990 22-53]

329 2043 440 2100 tamen
460 2043 498 2099 ut
519 2035 726 2115 Publicanus,
749 2035 885 2099 concise.
905 2016 1010 2117 [Luc.
1034 2033 1119 2098 xviii.
1145 2033 1210 2118 13]

229 2164 282 2228 .Si
303 2186 371 2228 non
390 2185 448 2247 per
468 2171 572 2229 totam
589 2173 730 2244 noctem,
746 2171 783 2228 ut
799 2164 957 2243 Christus,
983 2162 1074 2247 [Luc.
1087 2162 1129 2227 vi.
1146 2161 1212 2247 12]

328 2298 440 2356 tamen
461 2293 558 2357 unica
578 2293 667 2357 hora„
717 2291 824 2377 [Matt.
848 2292 930 2356 xxvi.
954 2290 1022 2375 40.]

244 2419 280 2484 si
301 2441 368 2484 non
388 2419 489 2499 humi,
514 2420 541 2484 si
562 2441 630 2485 non
651 2421 688 2484 in
710 2421 826 2499 cinere,
875 2419 957 2504 [Job.
980 2418 1046 2483 xlii.
1071 2418 1119 2505 6.]

329 2554 438 2610 tamen
460 2568 527 2611 non
547 2547 583 2610 in
604 2547 704 2612 lectis.
754 2548 856 2632 [Paul.
879 2546 957 2610 lxiii.
984 2545 1032 2629 6.]

204 2766 209 2773 .
246 2672 281 2736 si
303 2675 426 2738 nonin
448 2695 549 2753 sacco,
597 2673 696 2758 [Dan.
720 2673 761 2737 ix.
785 2673 830 2757 3.]

328 2808 439 2865 tamen
458 2822 527 2866 non
547 2801 584 2865 in
604 2823 747 2885 purpura
768 2808 801 2866 et
823 2800 930 2886 bysso.
958 2799 1047 2883 [Luc.
1062 2798 1125 2864 xvi.
1146 2797 1210 2883 19.]

246 2929 282 2994 Si
302 2950 369 2994 non
391 2929 523 2995 omnino
545 2929 585 2994 ab
608 2929 708 3009 omni,
756 2929 857 3013 [Paul.
880 2927 953 2993 cvii.
978 2927 1044 3013 18.]

329 3063 440 3121 tamen
461 3079 482 3120 a
503 3055 653 3140 cupediis.
699 3058 784 3121 Dan.
807 3057 828 3120 i.
851 3057 883 3122 8.

246 3186 282 3250 Si
302 3206 378 3265 non,
398 3191 438 3248 ut
461 3185 641 3260 zacchaeus,
665 3184 890 3270 quadruplum,
933 3184 1012 3250 Luc.
1035 3182 1099 3249 xix.
1125 3181 1183 3267 [8.]

330 3320 450 3393 tamen,
483 3321 520 3376 ut
556 3314 608 3377 lex
638 3322 697 3393 est,
730 3314 843 3398 quinta
871 3319 963 3398 parte
996 3311 1212 3398 superaddita.

372 3439 446 3502 Lev.
470 3461 499 3503 v.
525 3439 605 3523 [16.]

245 3565 368 3629 Sinon
389 3570 427 3627 ut
449 3563 573 3643 divites,
621 3564 738 3648 [Marc.
761 3566 816 3631 xii.
838 3567 904 3652 41]

327 3700 438 3757 tamen
459 3699 497 3755 ut
518 3691 624 3759 vidua.
672 3694 778 3778 [Vm.
801 3695 869 3779 42]

247 3819 282 3882 si
303 3841 372 3884 non
393 3819 573 3894 dimidium,
621 3820 709 3904 [Luc.
732 3821 797 3888 xix.
820 3821 866 3906 8.]

328 3954 438 4011 tamen
459 3948 652 4012 tricesimam
676 3955 809 4032 partem.
858 3949 964 4034 [Dent.
986 3949 1069 4016 xxvi.
1094 3951 1159 4035 12]

246 4075 371 4138 Sinon
393 4096 489 4160 super
510 4077 699 4161 potentiam,

328 4211 440 4270 tamen
462 4207 567 4291 quoad
588 4208 779 4291 potentiam.
824 4211 845 4272 2
871 4209 942 4276 Gor.
964 4208 1030 4276 viii.
1053 4211 1085 4276 3.
