2910 5002
423 454 593 519 PRECES
617 454 935 521 QUOTIDIANAE.
1141 458 1204 521 381

194 618 291 683 tionis
321 641 387 686 suae
417 621 579 687 internam
614 623 855 708 suavioremque
885 623 1064 690 doctrinam
1093 626 1207 692 docere

193 714 366 830 dignetur3
395 770 466 832 quae
487 750 532 814 sic
553 771 740 834 proponam,
763 751 810 816 sic
839 772 988 831 asserem,
1010 761 1048 817 ut
1077 753 1113 818 in
1135 776 1208 839 pro-

195 875 409 957 positionibus
432 884 465 941 et
487 878 716 948 assertionibus
737 879 828 959 meis,
851 880 980 945 veritati
1009 902 1136 967 semper
1157 883 1207 946 in·

195 1000 352 1067 haeresm:
376 1001 417 1067 sb
430 1003 492 1068 hnc
505 1004 665 1088 ipsissimo
678 1004 812 1070 veritate
826 1006 963 1090 postulo,
980 1004 1087 1073 doceri
1104 1008 1208 1073 multo

194 1129 288 1213 plura
308 1152 380 1214 quse
401 1131 519 1211 nesci0,
542 1154 562 1196 α
583 1153 647 1216 quo
669 1133 777 1217 accepi
799 1154 900 1217 pauco
922 1155 994 1218 quae
1015 1135 1089 1200 scio.

152 1258 261 1341 Ipsam
280 1280 358 1343 rogo
372 1267 410 1324 ut
431 1259 661 1344 (praeveniente
683 1283 720 1326 sc
742 1262 957 1346 subsequente
978 1262 1206 1347 misericordia)

197 1406 398 1471 quaecunque
424 1387 596 1453 salubriter
625 1389 756 1454 scienda
784 1390 901 1469 nescio,
925 1390 1039 1456 docent
1068 1413 1121 1456 me
1132 1418 1142 1471 3
1172 1390 1208 1455 in

195 1514 255 1593 his,
278 1537 350 1599 qute
370 1538 445 1580 vero
465 1517 550 1597 novi,
571 1518 731 1584 custodiat
752 1540 822 1595 me3
845 1519 881 1582 in
903 1519 1028 1603 quibus,
1050 1525 1089 1584 nt
1110 1519 1208 1583 homo

195 1642 298 1720 fallor,
321 1645 459 1727 corriget
481 1666 552 1724 me,
590 1646 626 1709 in
648 1645 766 1730 quibus
793 1646 874 1711 veris
898 1647 1016 1726 titubo,
1039 1648 1207 1712 confirmet

195 1789 257 1847 me,
281 1776 314 1833 et
344 1792 364 1833 a
391 1769 480 1834 falsis
502 1779 535 1834 et
556 1771 661 1835 noxiis
691 1771 805 1856 eripiet
834 1792 896 1850 me,
920 1779 954 1836 et
982 1793 1021 1836 ee
1048 1772 1144 1837 facist
1166 1773 1207 1837 de

195 1918 249 1960 ore
282 1919 354 1962 meo
391 1897 573 1982 procedere,
605 1919 678 1982 quse
713 1906 791 1963 sunt
826 1920 934 1964 corum
968 1899 1038 1984 ipss
1073 1900 1207 1965 veritate

195 2025 413 2108 principaliter
434 2034 536 2109 grata,
560 2026 605 2091 sic
626 2027 707 2090 fient
735 2027 884 2092 fidelibus
912 2027 1037 2092 cunctis
1066 2035 1205 2112 accepta,

194 2174 251 2237 per
266 2155 287 2218 J
289 2175 380 2218 esum
396 2155 573 2234 Christum,
589 2156 767 2221 Dominum
784 2177 821 2220 ac
838 2158 1038 2221 servatorem
1047 2156 1215 2221 nostrum.'

215 2397 378 2486 Ἀφορμαὶ
399 2400 643 2464 Meditotionum
664 2407 738 2464 onte
760 2400 874 2464 Preces
894 2400 1140 2463 Paenitentiam.

150 2537 227 2600 Luc.
250 2558 280 2600 x.
304 2539 357 2600 41.
403 2537 574 2624 Μεριμνᾷς
595 2534 672 2622 περὶ
692 2534 816 2614 πολλὰ,
840 2533 906 2606 ἑνὸς
927 2533 961 2601 δέ
983 2535 1056 2601 ἐστι
1076 2532 1183 2623 χρεία.

150 2663 223 2726 Act.
245 2662 285 2726 vi.
310 2666 340 2726 4,
385 2661 500 2744 Ἡμεῖς
521 2660 556 2727 δὲ
578 2666 618 2748 τῇ
648 2666 818 2752 προσευχῇ
839 2663 895 2730 καὶ
916 2665 956 2748 τῇ
983 2660 1130 2750 διακονίᾳ
1150 2668 1207 2728 τοῦ

236 2789 337 2872 λόγου
357 2790 694 2878 προσκαρτερήσομεν.

151 2919 227 2982 Iaso.
251 2917 313 2982 xxi.
337 2919 391 2981 36.
436 2914 644 3005 Ἀγρνπνεῖτε
673 2918 707 2984 ἐν
727 2918 826 2984 παντὶ
854 2921 966 3006 καιρῷ,
988 2916 1132 3001 δεόμενοι
1155 2916 1207 2984 ἵνα

237 3044 456 3129 καταξιωθῆτε
478 3045 627 3133 ἐκφυγεῖν
647 3044 690 3110 τὰ
709 3046 873 3129 μέλλοντα
894 3044 1051 3129 «γίνεσθαι.

150 3176 274 3239 Ειοὶιια
296 3174 362 3239 xiii.
389 3177 439 3239 14,
484 3176 546 3240 Per
568 3196 698 3240 omnem
720 3176 820 3240 vitam
848 3182 941 3240 tuam
966 3174 1063 3259 dilige
1085 3175 1205 3253 Deum,

207 3374 216 3386 ,
236 3311 269 3368 et
290 3304 403 3368 invoco
424 3304 510 3366 Eum
531 3324 589 3386 pro
611 3303 713 3368 salute
734 3310 802 3368 tua.

149 3432 276 3496 Ecclus.
298 3430 351 3495 vii
376 3432 427 3494 17.
475 3430 623 3494 Humilia
639 3430 730 3495 valde
745 3431 895 3516 spiritum
915 3438 1028 3495 tuum:
1052 3429 1205 3514 quoniam

234 3557 378 3623 vindicte
399 3557 504 3622 curnis
525 3557 626 3641 impii,
641 3558 725 3642 ignis
747 3565 781 3622 et
803 3557 929 3622 vermis.

149 3687 199 3751 Jo.
221 3686 268 3749 iii.
290 3687 345 3751 27.
392 3682 442 3749 Οὐ
464 3681 595 3749 δύναται
616 3684 785 3768 ἅνθρωπος
814 3683 998 3766 λαμβάνειν
1026 3681 1126 3756 οὐδὲν,
1149 3683 1208 3749 ἐὰν

234 3811 279 3897 με)
302 3809 322 3896 ἦ
345 3804 520 3895 δεδομένον.

152 3942 301 4025 Cyprias.
347 3941 383 4007 si
405 3941 467 4006 Ille
496 3940 607 4006 orabat
637 3941 692 4025 qui
721 3942 790 4006 sine
818 3948 950 4026 peccato
979 3947 1058 4021 erat,
1081 3947 1208 4024 quanto

234 4068 338 4153 magis
359 4075 559 4154 peccatorem
581 4089 671 4133 crure
693 4075 829 4152 oportet.
1100 4080 1103 4084 ’

149 4199 248 4266 Idem.
292 4201 382 4265 Deus
404 4207 512 4265 sutem
534 4221 600 4265 non
622 4199 719 4278 vocis,
742 4199 799 4264 sed
820 4197 935 4277 cordis,
958 4197 1085 4262 auditor
1107 4205 1168 4262 est

149 4328 283 4410 Aopust.
329 4327 408 4392 Plus
430 4326 613 4411 gemitibus,
637 4349 733 4410 quam
757 4325 957 4393 sermonibus
980 4325 1096 4409 egitur.
