2910 5002
486 447 659 523 Paucas
683 453 1004 522 QUOTIDIANAE.
1214 457 1275 519 189

218 621 292 688 Seio
313 623 400 707 quod
419 581 457 688 in
479 631 567 690 terra
588 633 734 710 resurget
755 625 847 710 pellis
868 647 952 704 mea,

432 773 505 835 quae
524 753 595 818 hae
616 754 750 838 patitur.
793 753 864 818 Joo.
887 753 951 818 xix.
975 755 1028 818 25.

216 877 320 944 Credo
339 878 448 944 videre
468 879 555 945 bona
576 880 708 946 Domini

427 1007 464 1070 in
485 1013 573 1072 terra
593 1007 781 1074 viventium.
825 1010 914 1073 Paul.
937 1007 1033 1073 xxvii.
1057 1007 1110 1072 15.

214 1130 257 1195 In
278 1131 420 1199 Domino
439 1133 605 1200 laetebitur
626 1157 682 1201 oor
702 1143 863 1215 nostrum,

257 1267 290 1325 et
303 1261 338 1325 in
358 1262 492 1327 nomine
514 1270 624 1329 saneto
645 1264 726 1348 Ejus
748 1264 952 1349 speravimus.
984 1263 1072 1328 Paul.
1089 1261 1197 1326 xxxiii.
1213 1265 1267 1326 20.

492 1414 609 1494 Patris,

493 1541 680 1622 Servatoris,
703 1542 904 1622 Mediatoris,

491 1672 727 1750 Interoessoris,
751 1670 987 1756 Redemptoris,

489 1799 647 1866 Paracleti
670 1797 802 1864 Gemini
809 1823 820 1877 ;

252 1941 351 2029 'lypis
370 1943 470 2029 Agni,
493 1944 667 2011 Columbae.

210 2067 283 2134 rut
303 2068 522 2136 misericordia
543 2077 610 2150 tua,
633 2069 784 2150 Domine,
807 2090 902 2155 super
922 2090 993 2148 uos,

251 2195 522 2280 quemadmodum
543 2197 739 2283 speravimus
759 2198 796 2262 in
809 2198 865 2263 Te.
911 2198 1000 2261 Paul.
1023 2195 1133 2261 xxxiii.
1156 2195 1209 2261 21.

270 1601 413 1667 Nomine

208 2447 251 2512 ΙΝ
271 2468 350 2533 paee
371 2450 551 2516 Dominum
572 2472 732 2534 rogemus,

249 2575 314 2640 Pro
335 2596 414 2661 pace
435 2598 583 2663 superna,
606 2588 640 2644 et

292 2701 394 2770 salute
415 2702 595 2771 animarum
618 2713 801 2772 nostrarum
812 2733 822 2786 ;

206 2829 270 2894 Pro
291 2850 369 2914 paee
391 2818 532 2898 uniuersi
554 2833 677 2911 mundi,

248 2954 423 3023 stabilitate
444 2966 629 3024 sanctarum
652 2959 715 3024 Dei
737 2938 961 3040 Ecclesiarum,

376 3092 410 3149 et
431 3086 578 3150 omniur'n
599 3086 719 3151 unione
729 3106 739 3166 ς

203 3183 271 3274 Pro=
288 3208 384 3277 domo
405 3211 467 3276 bae
490 3219 612 3293 saneta,

246 3342 280 3401 et
301 3358 372 3402 eam
393 3359 471 3404 oum
492 3339 556 3405 fide
578 3348 611 3405 et
634 3341 813 3406 reverentia
833 3341 1090 3425 ingredientibus
1100 3368 1111 3422 3

201 3465 266 3530 rm
287 3467 406 3532 anes
427 3452 579 3535 rauba
600 3471 729 3549 natas,

244 3593 431 3661 Venerabili
452 3597 666 3683 Presbyterio,
689 3599 841 3664 Diaoonis
862 3599 897 3663 in
919 3598 1051 3665 Christo

415 3724 685 3804 ministrantibus,

287 3851 439 3934 omnique
461 3852 555 3916 Clero
577 3860 610 3916 et
634 3852 751 3929 Plebe;

199 3976 263 4042 Pro
285 3984 397 4042 saneta
416 3978 478 4043 hae
499 3979 709 4057 habitatione,
725 3976 885 4062 ,omnique

285 4104 414 4171 civitate
436 4114 470 4172 et
490 4082 631 4192 regione,
655 4113 687 4171 et
710 4105 860 4189 fidelibus

373 4252 443 4297 eam
466 4234 700 4313 inoolentibus3

198 4356 264 4448 Pro
286 4362 439 4445 temperie
461 4363 544 4443 coelr',
567 4363 733 4428 fertilitate
755 4362 886 4446 trogum
906 4363 1010 4442 terrae,
