<?xml version="1.0" encoding="UTF-8"?>
<!DOCTYPE html PUBLIC "-//W3C//DTD XHTML 1.0 Transitional//EN"
    "http://www.w3.org/TR/xhtml1/DTD/xhtml1-transitional.dtd">
<html xmlns="http://www.w3.org/1999/xhtml" xml:lang="en" lang="en">
 <head>
  <title>
</title>
<meta http-equiv="Content-Type" content="text/html;charset=utf-8" />
  <meta name='ocr-system' content='tesseract 3.04.00' />
  <meta name='ocr-capabilities' content='ocr_page ocr_carea ocr_par ocr_line ocrx_word'/>
</head>
<body>
  <div class='ocr_page' id='page_1' title='image "./precesprivataeq00andrgoog_0324.png"; bbox 0 0 2910 5002; ppageno 0'>
   <div class='ocr_carea' id='block_1_1' title="bbox 418 464 1277 566">
    <p class='ocr_par' dir='ltr' id='par_1_1' title="bbox 418 464 1277 566">
     <span class='ocr_line' id='line_1_1' title="bbox 418 464 1277 566; baseline -0.002 -38"><span class='ocrx_word' id='word_1_1' title='bbox 418 465 586 529; x_wconf 85' lang='lat' dir='ltr'>PRECES</span> <span class='ocrx_word' id='word_1_2' title='bbox 611 464 927 530; x_wconf 77' lang='lat' dir='ltr'><strong>QUOTIDIANAE.</strong></span> <span class='ocrx_word' id='word_1_3' title='bbox 1139 464 1201 527; x_wconf 88' lang='lat'><strong>301</strong></span> <span class='ocrx_word' id='word_1_4' title='bbox 1274 560 1277 566; x_wconf 25' lang='grc' dir='ltr'>Ι</span> 
     </span>
    </p>
   </div>
   <div class='ocr_carea' id='block_1_2' title="bbox 147 633 655 711">
    <p class='ocr_par' dir='ltr' id='par_1_2' title="bbox 147 633 655 711">
     <span class='ocr_line' id='line_1_2' title="bbox 147 633 655 711; baseline -0.006 -13"><span class='ocrx_word' id='word_1_5' title='bbox 147 635 274 699; x_wconf 89' lang='lat' dir='ltr'><strong>Coelum</strong></span> <span class='ocrx_word' id='word_1_6' title='bbox 298 642 331 697; x_wconf 88' lang='lat' dir='ltr'><strong>ot</strong></span> <span class='ocrx_word' id='word_1_7' title='bbox 353 641 439 697; x_wconf 86' lang='lat' dir='ltr'><strong>terra</strong></span> <span class='ocrx_word' id='word_1_8' title='bbox 460 633 655 711; x_wconf 87' lang='lat' dir='ltr'><strong>transibunt,</strong></span> 
     </span>
    </p>
   </div>
   <div class='ocr_carea' id='block_1_3' title="bbox 148 754 1147 842">
    <p class='ocr_par' dir='ltr' id='par_1_3' title="bbox 148 754 1147 842">
     <span class='ocr_line' id='line_1_3' title="bbox 148 754 1147 842; baseline -0.003 -19"><span class='ocrx_word' id='word_1_9' title='bbox 148 760 259 824; x_wconf 84' lang='lat' dir='ltr'><strong>Verba</strong></span> <span class='ocrx_word' id='word_1_10' title='bbox 281 767 388 824; x_wconf 88' lang='lat' dir='ltr'><strong>autem</strong></span> <span class='ocrx_word' id='word_1_11' title='bbox 410 760 488 823; x_wconf 84' lang='lat' dir='ltr'><strong>Mea</strong></span> <span class='ocrx_word' id='word_1_12' title='bbox 509 781 575 824; x_wconf 92' lang='lat' dir='ltr'><strong>non</strong></span> <span class='ocrx_word' id='word_1_13' title='bbox 597 754 817 842; x_wconf 70' lang='lat' dir='ltr'><strong>praeteribunt.</strong></span> <span class='ocrx_word' id='word_1_14' title='bbox 863 761 962 823; x_wconf 79' lang='lat' dir='ltr'><strong>Mart.</strong></span> <span class='ocrx_word' id='word_1_15' title='bbox 986 759 1069 823; x_wconf 78' lang='lat' dir='ltr'><strong>xxiv,</strong></span> <span class='ocrx_word' id='word_1_16' title='bbox 1091 761 1147 821; x_wconf 82' lang='lat'><strong>35.</strong></span> 
     </span>
    </p>
   </div>
   <div class='ocr_carea' id='block_1_4' title="bbox 483 1006 870 1087">
    <p class='ocr_par' dir='ltr' id='par_1_4' title="bbox 483 1006 870 1087">
     <span class='ocr_line' id='line_1_4' title="bbox 483 1006 870 1087; baseline 0.008 -20"><span class='ocrx_word' id='word_1_17' title='bbox 483 1006 686 1087; x_wconf 79' lang='lat' dir='ltr'><strong>Enqaieitam</strong></span> <span class='ocrx_word' id='word_1_18' title='bbox 700 1007 870 1087; x_wconf 73' lang='lat' dir='ltr'><strong>justitiam.</strong></span> 
     </span>
    </p>
   </div>
   <div class='ocr_carea' id='block_1_5' title="bbox 152 1108 1032 1225">
    <p class='ocr_par' dir='ltr' id='par_1_5' title="bbox 152 1108 1032 1225">
     <span class='ocr_line' id='line_1_5' title="bbox 152 1108 1032 1225; baseline 0.001 -21"><span class='ocrx_word' id='word_1_19' title='bbox 152 1142 288 1206; x_wconf 67' lang='lat' dir='ltr'><strong>rustica</strong></span> <span class='ocrx_word' id='word_1_20' title='bbox 306 1143 386 1225; x_wconf 76' lang='lat' dir='ltr'><strong>ujus</strong></span> <span class='ocrx_word' id='word_1_21' title='bbox 409 1150 519 1206; x_wconf 76' lang='lat' dir='ltr'><strong>manet</strong></span> <span class='ocrx_word' id='word_1_22' title='bbox 541 1108 576 1204; x_wconf 70' lang='lat' dir='ltr'><strong>in</strong></span> <span class='ocrx_word' id='word_1_23' title='bbox 598 1142 761 1205; x_wconf 70' lang='lat' dir='ltr'><strong>saeuum.</strong></span> <span class='ocrx_word' id='word_1_24' title='bbox 807 1141 894 1206; x_wconf 64' lang='lat' dir='ltr'><strong>ean.</strong></span> <span class='ocrx_word' id='word_1_25' title='bbox 917 1141 977 1206; x_wconf 75' lang='lat' dir='ltr'><strong>exi.</strong></span> <span class='ocrx_word' id='word_1_26' title='bbox 998 1144 1032 1205; x_wconf 83' lang='lat' dir='ltr'><strong>a.</strong></span> 
     </span>
    </p>
   </div>
   <div class='ocr_carea' id='block_1_6' title="bbox 295 1391 1061 1471">
    <p class='ocr_par' dir='ltr' id='par_1_6' title="bbox 295 1391 1061 1471">
     <span class='ocr_line' id='line_1_6' title="bbox 295 1391 1061 1471; baseline 0.003 -18"><span class='ocrx_word' id='word_1_27' title='bbox 295 1393 433 1469; x_wconf 80' lang='lat' dir='ltr'><em>Fontem,</em></span> <span class='ocrx_word' id='word_1_28' title='bbox 463 1393 628 1469; x_wconf 79' lang='lat' dir='ltr'><strong><em>Oceanum,</em></strong></span> <span class='ocrx_word' id='word_1_29' title='bbox 652 1391 808 1471; x_wconf 69' lang='lat' dir='ltr'><strong>Aopamm</strong></span> <span class='ocrx_word' id='word_1_30' title='bbox 830 1391 1061 1456; x_wconf 71' lang='lat' dir='ltr'><strong>misericordie.</strong></span> 
     </span>
    </p>
   </div>
   <div class='ocr_carea' id='block_1_7' title="bbox 152 1526 907 1613">
    <p class='ocr_par' dir='ltr' id='par_1_7' title="bbox 152 1526 907 1613">
     <span class='ocr_line' id='line_1_7' title="bbox 152 1526 907 1613; baseline -0.004 -22"><span class='ocrx_word' id='word_1_31' title='bbox 152 1527 297 1612; x_wconf 87' lang='lat' dir='ltr'><strong>Abyssus</strong></span> <span class='ocrx_word' id='word_1_32' title='bbox 319 1528 470 1613; x_wconf 83' lang='lat' dir='ltr'><strong>abyssum</strong></span> <span class='ocrx_word' id='word_1_33' title='bbox 492 1527 630 1591; x_wconf 83' lang='lat' dir='ltr'><strong>invocat.</strong></span> <span class='ocrx_word' id='word_1_34' title='bbox 677 1527 764 1588; x_wconf 82' lang='lat' dir='ltr'><strong>Psol.</strong></span> <span class='ocrx_word' id='word_1_35' title='bbox 788 1526 853 1589; x_wconf 82' lang='lat' dir='ltr'><strong>xlii.</strong></span> <span class='ocrx_word' id='word_1_36' title='bbox 878 1531 907 1591; x_wconf 85' lang='lat'><strong>7.</strong></span> 
     </span>
    </p>
   </div>
   <div class='ocr_carea' id='block_1_8' title="bbox 154 1773 942 2109">
    <p class='ocr_par' dir='ltr' id='par_1_8' title="bbox 154 1773 942 2109">
     <span class='ocr_line' id='line_1_8' title="bbox 416 1773 942 1854; baseline 0 -16"><span class='ocrx_word' id='word_1_37' title='bbox 416 1777 520 1852; x_wconf 78' lang='lat' dir='ltr'><strong>Mitis,</strong></span> <span class='ocrx_word' id='word_1_38' title='bbox 538 1775 712 1854; x_wconf 74' lang='lat' dir='ltr'><strong>preterire,</strong></span> <span class='ocrx_word' id='word_1_39' title='bbox 737 1773 942 1839; x_wconf 72' lang='lat' dir='ltr'><strong>dissimulare.</strong></span> 
     </span>
     <span class='ocr_line' id='line_1_9' title="bbox 154 1907 761 1991; baseline -0.007 -17"><span class='ocrx_word' id='word_1_40' title='bbox 154 1910 297 1974; x_wconf 86' lang='lat' dir='ltr'><strong>Obsecro</strong></span> <span class='ocrx_word' id='word_1_41' title='bbox 319 1931 375 1972; x_wconf 90' lang='lat' dir='ltr'><strong>vos</strong></span> <span class='ocrx_word' id='word_1_42' title='bbox 397 1930 455 1991; x_wconf 91' lang='lat' dir='ltr'><strong>per</strong></span> <span class='ocrx_word' id='word_1_43' title='bbox 478 1907 761 1971; x_wconf 85' lang='lat' dir='ltr'><strong>mansuetudinem</strong></span> 
     </span>
     <span class='ocr_line' id='line_1_10' title="bbox 196 2035 915 2109; baseline -0.006 -9"><span class='ocrx_word' id='word_1_44' title='bbox 196 2093 204 2109; x_wconf 76' lang='grc'><strong><em>,</em></strong></span> <span class='ocrx_word' id='word_1_45' title='bbox 240 2046 274 2100; x_wconf 90' lang='lat' dir='ltr'><strong>et</strong></span> <span class='ocrx_word' id='word_1_46' title='bbox 295 2035 486 2099; x_wconf 82' lang='lat' dir='ltr'><strong>modestiam</strong></span> <span class='ocrx_word' id='word_1_47' title='bbox 509 2035 642 2098; x_wconf 81' lang='lat' dir='ltr'><strong>Christi.</strong></span> <span class='ocrx_word' id='word_1_48' title='bbox 687 2039 709 2098; x_wconf 78' lang='lat'><strong>2</strong></span> <span class='ocrx_word' id='word_1_49' title='bbox 735 2035 804 2097; x_wconf 79' lang='lat' dir='ltr'><strong>Cor.</strong></span> <span class='ocrx_word' id='word_1_50' title='bbox 829 2056 860 2097; x_wconf 83' lang='lat' dir='ltr'><strong>x.</strong></span> <span class='ocrx_word' id='word_1_51' title='bbox 886 2038 915 2098; x_wconf 93' lang='lat' dir='ltr'><strong>l.</strong></span> 
     </span>
    </p>
   </div>
   <div class='ocr_carea' id='block_1_9' title="bbox 154 2163 977 2376">
    <p class='ocr_par' dir='ltr' id='par_1_9' title="bbox 154 2163 977 2376">
     <span class='ocr_line' id='line_1_11' title="bbox 155 2163 977 2247; baseline -0.001 -18"><span class='ocrx_word' id='word_1_52' title='bbox 155 2167 233 2241; x_wconf 88' lang='lat' dir='ltr'><strong>Non</strong></span> <span class='ocrx_word' id='word_1_53' title='bbox 256 2165 370 2228; x_wconf 86' lang='lat' dir='ltr'>delebo</span> <span class='ocrx_word' id='word_1_54' title='bbox 392 2170 522 2247; x_wconf 89' lang='lat' dir='ltr'><strong>propter</strong></span> <span class='ocrx_word' id='word_1_55' title='bbox 546 2164 665 2227; x_wconf 91' lang='lat' dir='ltr'><strong>decem.</strong></span> <span class='ocrx_word' id='word_1_56' title='bbox 715 2165 791 2226; x_wconf 84' lang='lat' dir='ltr'><strong>Gen.</strong></span> <span class='ocrx_word' id='word_1_57' title='bbox 811 2163 900 2227; x_wconf 80' lang='lat' dir='ltr'><strong>xviii.</strong></span> <span class='ocrx_word' id='word_1_58' title='bbox 923 2165 977 2228; x_wconf 74' lang='lat'><strong>32.</strong></span> 
     </span>
     <span class='ocr_line' id='line_1_12' title="bbox 154 2289 783 2376; baseline -0.005 -20"><span class='ocrx_word' id='word_1_59' title='bbox 154 2293 284 2356; x_wconf 80' lang='lat' dir='ltr'><strong>Transis</strong></span> <span class='ocrx_word' id='word_1_60' title='bbox 305 2299 482 2376; x_wconf 87' lang='lat' dir='ltr'><strong>peccatum.</strong></span> <span class='ocrx_word' id='word_1_61' title='bbox 527 2291 628 2354; x_wconf 77' lang='lat' dir='ltr'><strong>Mtct.</strong></span> <span class='ocrx_word' id='word_1_62' title='bbox 651 2289 706 2353; x_wconf 86' lang='lat' dir='ltr'><strong>vii.</strong></span> <span class='ocrx_word' id='word_1_63' title='bbox 731 2291 783 2354; x_wconf 87' lang='lat'><strong>18.</strong></span> 
     </span>
    </p>
   </div>
   <div class='ocr_carea' id='block_1_10' title="bbox 156 2417 1172 2503">
    <p class='ocr_par' dir='ltr' id='par_1_10' title="bbox 156 2417 1172 2503">
     <span class='ocr_line' id='line_1_13' title="bbox 156 2417 1172 2503; baseline 0.002 -21"><span class='ocrx_word' id='word_1_64' title='bbox 156 2420 313 2503; x_wconf 80' lang='lat' dir='ltr'>Tempora</span> <span class='ocrx_word' id='word_1_65' title='bbox 333 2419 527 2503; x_wconf 83' lang='lat' dir='ltr'><strong>ignorantiae</strong></span> <span class='ocrx_word' id='word_1_66' title='bbox 550 2418 758 2482; x_wconf 83' lang='lat' dir='ltr'><strong>dissimulans</strong></span> <span class='ocrx_word' id='word_1_67' title='bbox 781 2420 880 2483; x_wconf 88' lang='lat' dir='ltr'><strong>Deus.</strong></span> <span class='ocrx_word' id='word_1_68' title='bbox 925 2421 999 2485; x_wconf 84' lang='lat' dir='ltr'><strong>Act.</strong></span> <span class='ocrx_word' id='word_1_69' title='bbox 1012 2417 1098 2484; x_wconf 67' lang='lat' dir='ltr'><strong>&#39;xvii</strong></span> <span class='ocrx_word' id='word_1_70' title='bbox 1121 2423 1172 2484; x_wconf 90' lang='grc'><strong>30.</strong></span> 
     </span>
    </p>
   </div>
   <div class='ocr_carea' id='block_1_11' title="bbox 399 2652 971 2750">
    <p class='ocr_par' dir='ltr' id='par_1_11' title="bbox 399 2652 971 2750">
     <span class='ocr_line' id='line_1_14' title="bbox 399 2652 971 2750; baseline 0.005 -22"><span class='ocrx_word' id='word_1_71' title='bbox 399 2669 401 2673; x_wconf 68' lang='grc'><strong>”</strong></span> <span class='ocrx_word' id='word_1_72' title='bbox 467 2667 623 2745; x_wconf 84' lang='lat' dir='ltr'><strong>Toleruas,</strong></span> <span class='ocrx_word' id='word_1_73' title='bbox 647 2667 861 2750; x_wconf 77' lang='lat' dir='ltr'><strong>Lonponimie.</strong></span> <span class='ocrx_word' id='word_1_74' title='bbox 967 2652 971 2659; x_wconf 50' lang='grc'><strong>’</strong></span> 
     </span>
    </p>
   </div>
   <div class='ocr_carea' id='block_1_12' title="bbox 157 2802 1209 2887">
    <p class='ocr_par' dir='ltr' id='par_1_12' title="bbox 157 2802 1209 2887">
     <span class='ocr_line' id='line_1_15' title="bbox 157 2802 1209 2887; baseline 0.003 -20"><span class='ocrx_word' id='word_1_75' title='bbox 157 2804 210 2867; x_wconf 86' lang='lat' dir='ltr'><strong>An</strong></span> <span class='ocrx_word' id='word_1_76' title='bbox 220 2802 346 2867; x_wconf 85' lang='lat' dir='ltr'><strong>divitias</strong></span> <span class='ocrx_word' id='word_1_77' title='bbox 355 2803 519 2887; x_wconf 84' lang='lat' dir='ltr'><strong>patientiae</strong></span> <span class='ocrx_word' id='word_1_78' title='bbox 528 2810 561 2866; x_wconf 92' lang='lat' dir='ltr'><strong>et</strong></span> <span class='ocrx_word' id='word_1_79' title='bbox 570 2803 823 2885; x_wconf 78' lang='lat' dir='ltr'><strong>longanimitatis</strong></span> <span class='ocrx_word' id='word_1_80' title='bbox 833 2804 1032 2869; x_wconf 76' lang='lat' dir='ltr'><strong>contemnis?</strong></span> <span class='ocrx_word' id='word_1_81' title='bbox 1044 2805 1209 2872; x_wconf 55' lang='lat' dir='ltr'><strong>Romule.</strong></span> 
     </span>
    </p>
   </div>
   <div class='ocr_carea' id='block_1_13' title="bbox 159 3053 1212 3399">
    <p class='ocr_par' dir='ltr' id='par_1_13' title="bbox 159 3053 1212 3399">
     <span class='ocr_line' id='line_1_16' title="bbox 587 3053 781 3154; baseline 0.005 -40"><span class='ocrx_word' id='word_1_82' title='bbox 587 3053 781 3154; x_wconf 68' lang='lat' dir='ltr'><strong>Misericors.</strong></span> 
     </span>
     <span class='ocr_line' id='line_1_17' title="bbox 159 3189 1212 3273; baseline 0.001 -22"><span class='ocrx_word' id='word_1_83' title='bbox 159 3189 233 3272; x_wconf 89' lang='lat' dir='ltr'><strong>Ipse</strong></span> <span class='ocrx_word' id='word_1_84' title='bbox 255 3189 436 3253; x_wconf 81' lang='lat' dir='ltr'><strong>misericors</strong></span> <span class='ocrx_word' id='word_1_85' title='bbox 459 3197 492 3253; x_wconf 92' lang='lat' dir='ltr'><strong>et</strong></span> <span class='ocrx_word' id='word_1_86' title='bbox 514 3189 672 3273; x_wconf 90' lang='lat' dir='ltr'><strong>propitius</strong></span> <span class='ocrx_word' id='word_1_87' title='bbox 693 3189 832 3272; x_wconf 85' lang='lat' dir='ltr'><strong>peccatis</strong></span> <span class='ocrx_word' id='word_1_88' title='bbox 854 3209 974 3268; x_wconf 88' lang='lat' dir='ltr'><strong>eorum,</strong></span> <span class='ocrx_word' id='word_1_89' title='bbox 996 3195 1036 3253; x_wconf 88' lang='lat' dir='ltr'><strong>ut</strong></span> <span class='ocrx_word' id='word_1_90' title='bbox 1058 3211 1125 3254; x_wconf 90' lang='lat' dir='ltr'><strong>non</strong></span> <span class='ocrx_word' id='word_1_91' title='bbox 1147 3189 1212 3253; x_wconf 92' lang='lat' dir='ltr'><strong>dis-</strong></span> 
     </span>
     <span class='ocr_line' id='line_1_18' title="bbox 245 3315 829 3399; baseline -0.003 -19"><span class='ocrx_word' id='word_1_92' title='bbox 245 3315 392 3399; x_wconf 86' lang='lat' dir='ltr'><strong>perderet</strong></span> <span class='ocrx_word' id='word_1_93' title='bbox 415 3338 479 3380; x_wconf 91' lang='lat' dir='ltr'><strong>eos.</strong></span> <span class='ocrx_word' id='word_1_94' title='bbox 524 3318 611 3380; x_wconf 76' lang='lat' dir='ltr'><strong>Paul.</strong></span> <span class='ocrx_word' id='word_1_95' title='bbox 635 3317 753 3380; x_wconf 81' lang='lat' dir='ltr'><strong>lxxviii.</strong></span> <span class='ocrx_word' id='word_1_96' title='bbox 776 3318 829 3379; x_wconf 88' lang='grc'><strong>38.</strong></span> 
     </span>
    </p>
   </div>
   <div class='ocr_carea' id='block_1_14' title="bbox 138 3564 932 3911">
    <p class='ocr_par' dir='ltr' id='par_1_14' title="bbox 138 3564 932 3911">
     <span class='ocr_line' id='line_1_19' title="bbox 521 3564 842 3645; baseline 0 -19"><span class='ocrx_word' id='word_1_97' title='bbox 521 3564 682 3629; x_wconf 77' lang='lat' dir='ltr'><strong>Illibeoter</strong></span> <span class='ocrx_word' id='word_1_98' title='bbox 698 3566 842 3645; x_wconf 71' lang='lat' dir='ltr'><strong>paramus.</strong></span> 
     </span>
     <span class='ocr_line' id='line_1_20' title="bbox 138 3698 686 3783; baseline -0.007 -18"><span class='ocrx_word' id='word_1_99' title='bbox 138 3747 141 3752; x_wconf 82' lang='lat'>·</span> <span class='ocrx_word' id='word_1_100' title='bbox 164 3698 251 3765; x_wconf 84' lang='lat' dir='ltr'><strong>Quid</strong></span> <span class='ocrx_word' id='word_1_101' title='bbox 273 3698 389 3764; x_wconf 81' lang='lat' dir='ltr'><strong>sociam</strong></span> <span class='ocrx_word' id='word_1_102' title='bbox 411 3700 482 3776; x_wconf 90' lang='lat' dir='ltr'><strong>tibi,</strong></span> <span class='ocrx_word' id='word_1_103' title='bbox 506 3700 686 3783; x_wconf 81' lang='lat' dir='ltr'><strong>Ephraim?</strong></span> 
     </span>
     <span class='ocr_line' id='line_1_21' title="bbox 249 3827 932 3911; baseline -0.003 -20"><span class='ocrx_word' id='word_1_104' title='bbox 249 3829 327 3911; x_wconf 93' lang='lat' dir='ltr'><strong>quid</strong></span> <span class='ocrx_word' id='word_1_105' title='bbox 348 3829 462 3894; x_wconf 83' lang='lat' dir='ltr'><strong>faciam</strong></span> <span class='ocrx_word' id='word_1_106' title='bbox 484 3829 555 3908; x_wconf 87' lang='lat' dir='ltr'><strong>tibi,</strong></span> <span class='ocrx_word' id='word_1_107' title='bbox 579 3828 691 3892; x_wconf 79' lang='lat' dir='ltr'><strong>Juda?</strong></span> <span class='ocrx_word' id='word_1_108' title='bbox 738 3829 814 3891; x_wconf 78' lang='lat' dir='ltr'><strong>Hoc.</strong></span> <span class='ocrx_word' id='word_1_109' title='bbox 837 3827 878 3889; x_wconf 86' lang='lat' dir='ltr'><strong>vi.</strong></span> <span class='ocrx_word' id='word_1_110' title='bbox 901 3828 932 3889; x_wconf 80' lang='lat'><strong>4.</strong></span> 
     </span>
    </p>
   </div>
   <div class='ocr_carea' id='block_1_15' title="bbox 56 3953 1217 4040">
    <p class='ocr_par' dir='ltr' id='par_1_15' title="bbox 56 3953 1217 4040">
     <span class='ocr_line' id='line_1_22' title="bbox 56 3953 1217 4040; baseline -0.003 -20"><span class='ocrx_word' id='word_1_111' title='bbox 56 4001 59 4005; x_wconf 81' lang='lat'><strong>.</strong></span> <span class='ocrx_word' id='word_1_112' title='bbox 163 3955 323 4021; x_wconf 79' lang='lat' dir='ltr'><strong>liberasti</strong></span> <span class='ocrx_word' id='word_1_113' title='bbox 345 3978 399 4021; x_wconf 84' lang='lat' dir='ltr'><strong>eos</strong></span> <span class='ocrx_word' id='word_1_114' title='bbox 420 3957 532 4021; x_wconf 90' lang='lat' dir='ltr'><strong>multis</strong></span> <span class='ocrx_word' id='word_1_115' title='bbox 553 3956 760 4040; x_wconf 89' lang='lat' dir='ltr'><strong>temporibus,</strong></span> <span class='ocrx_word' id='word_1_116' title='bbox 776 3961 810 4019; x_wconf 91' lang='lat' dir='ltr'><strong>et</strong></span> <span class='ocrx_word' id='word_1_117' title='bbox 831 3953 1035 4038; x_wconf 88' lang='lat' dir='ltr'><strong>pertransisti</strong></span> <span class='ocrx_word' id='word_1_118' title='bbox 1053 3975 1148 4038; x_wconf 91' lang='lat' dir='ltr'><strong>super</strong></span> <span class='ocrx_word' id='word_1_119' title='bbox 1163 3975 1217 4018; x_wconf 88' lang='lat' dir='ltr'><strong>eos</strong></span> 
     </span>
    </p>
   </div>
   <div class='ocr_carea' id='block_1_16' title="bbox 163 4081 881 4296">
    <p class='ocr_par' dir='ltr' id='par_1_16' title="bbox 163 4081 881 4296">
     <span class='ocr_line' id='line_1_23' title="bbox 250 4081 881 4166; baseline -0.002 -20"><span class='ocrx_word' id='word_1_120' title='bbox 250 4105 351 4149; x_wconf 86' lang='lat' dir='ltr'><strong>annos</strong></span> <span class='ocrx_word' id='word_1_121' title='bbox 373 4085 508 4150; x_wconf 89' lang='lat' dir='ltr'><strong>multos:</strong></span> <span class='ocrx_word' id='word_1_122' title='bbox 555 4085 635 4148; x_wconf 78' lang='lat' dir='ltr'><strong>Nea.</strong></span> <span class='ocrx_word' id='word_1_123' title='bbox 658 4083 701 4148; x_wconf 83' lang='lat' dir='ltr'><strong>ix.</strong></span> <span class='ocrx_word' id='word_1_124' title='bbox 724 4083 776 4147; x_wconf 78' lang='grc'><strong>28.</strong></span> <span class='ocrx_word' id='word_1_125' title='bbox 803 4081 881 4166; x_wconf 70' lang='grc'><strong>[38]</strong></span> 
     </span>
     <span class='ocr_line' id='line_1_24' title="bbox 163 4211 788 4296; baseline -0.003 -20"><span class='ocrx_word' id='word_1_126' title='bbox 163 4213 207 4276; x_wconf 86' lang='lat' dir='ltr'><strong>Et</strong></span> <span class='ocrx_word' id='word_1_127' title='bbox 228 4213 263 4276; x_wconf 92' lang='lat' dir='ltr'><strong>in</strong></span> <span class='ocrx_word' id='word_1_128' title='bbox 285 4211 510 4278; x_wconf 87' lang='lat' dir='ltr'><strong>misericordiis</strong></span> <span class='ocrx_word' id='word_1_129' title='bbox 533 4212 610 4277; x_wconf 75' lang='lat' dir='ltr'><strong>&#39;luis</strong></span> <span class='ocrx_word' id='word_1_130' title='bbox 631 4211 788 4296; x_wconf 86' lang='lat' dir='ltr'><strong>plurimis,</strong></span> 
     </span>
    </p>
   </div>
   <div class='ocr_carea' id='block_1_17' title="bbox 251 4336 1103 4422">
    <p class='ocr_par' dir='ltr' id='par_1_17' title="bbox 251 4336 1103 4422">
     <span class='ocr_line' id='line_1_25' title="bbox 251 4336 1103 4422; baseline -0.006 -20"><span class='ocrx_word' id='word_1_131' title='bbox 251 4360 316 4403; x_wconf 89' lang='lat' dir='ltr'><strong>non</strong></span> <span class='ocrx_word' id='word_1_132' title='bbox 339 4339 443 4403; x_wconf 85' lang='lat' dir='ltr'><strong>fecisti</strong></span> <span class='ocrx_word' id='word_1_133' title='bbox 465 4359 518 4400; x_wconf 88' lang='lat' dir='ltr'><strong>eos</strong></span> <span class='ocrx_word' id='word_1_134' title='bbox 540 4336 575 4400; x_wconf 91' lang='lat' dir='ltr'><strong>in</strong></span> <span class='ocrx_word' id='word_1_135' title='bbox 597 4339 886 4422; x_wconf 85' lang='lat' dir='ltr'><strong>consumptionem.</strong></span> <span class='ocrx_word' id='word_1_136' title='bbox 938 4338 1024 4400; x_wconf 82' lang='lat' dir='ltr'><strong>Vere.</strong></span> <span class='ocrx_word' id='word_1_137' title='bbox 1049 4336 1103 4398; x_wconf 88' lang='grc'><strong>31.</strong></span> 
     </span>
    </p>
   </div>
   <div class='ocr_carea' id='block_1_18' title="bbox 0 0 1480 5002">
    <p class='ocr_par' dir='ltr' id='par_1_18' title="bbox 0 0 1480 5002">
     <span class='ocr_line' id='line_1_26' title="bbox 0 0 1480 5002; baseline 0 0"><span class='ocrx_word' id='word_1_138' title='bbox 0 0 1480 5002; x_wconf 95' lang='lat' dir='ltr'><strong> </strong></span> 
     </span>
    </p>
   </div>
  </div>
 </body>
</html>
