<?xml version="1.0" encoding="UTF-8"?>
<!DOCTYPE html PUBLIC "-//W3C//DTD XHTML 1.0 Transitional//EN"
    "http://www.w3.org/TR/xhtml1/DTD/xhtml1-transitional.dtd">
<html xmlns="http://www.w3.org/1999/xhtml" xml:lang="en" lang="en">
 <head>
  <title>
</title>
<meta http-equiv="Content-Type" content="text/html;charset=utf-8" />
  <meta name='ocr-system' content='tesseract 3.04.00' />
  <meta name='ocr-capabilities' content='ocr_page ocr_carea ocr_par ocr_line ocrx_word'/>
</head>
<body>
  <div class='ocr_page' id='page_1' title='image "./precesprivataeq00andrgoog_0421.png"; bbox 0 0 2910 5002; ppageno 0'>
   <div class='ocr_carea' id='block_1_1' title="bbox 197 420 984 488">
    <p class='ocr_par' dir='ltr' id='par_1_1' title="bbox 197 420 984 488">
     <span class='ocr_line' id='line_1_1' title="bbox 197 420 984 488; baseline -0.003 0"><span class='ocrx_word' id='word_1_1' title='bbox 197 428 264 488; x_wconf 84' lang='grc'><strong>386</strong></span> <span class='ocrx_word' id='word_1_2' title='bbox 462 422 633 487; x_wconf 79' lang='lat' dir='ltr'><strong>PREGES</strong></span> <span class='ocrx_word' id='word_1_3' title='bbox 663 420 984 487; x_wconf 77' lang='lat' dir='ltr'><strong>QUO&#39;PIDIANAE.</strong></span> 
     </span>
    </p>
   </div>
   <div class='ocr_carea' id='block_1_2' title="bbox 198 587 1287 1937">
    <p class='ocr_par' dir='ltr' id='par_1_2' title="bbox 198 587 1287 928">
     <span class='ocr_line' id='line_1_2' title="bbox 198 587 1287 673; baseline -0.004 -17"><span class='ocrx_word' id='word_1_4' title='bbox 198 593 306 656; x_wconf 89' lang='lat' dir='ltr'><strong>Deum</strong></span> <span class='ocrx_word' id='word_1_5' title='bbox 329 592 441 673; x_wconf 85' lang='lat' dir='ltr'><strong>Ipaum</strong></span> <span class='ocrx_word' id='word_1_6' title='bbox 462 590 606 654; x_wconf 81' lang='lat' dir='ltr'><strong>videmus</strong></span> <span class='ocrx_word' id='word_1_7' title='bbox 624 589 766 673; x_wconf 76' lang='lat' dir='ltr'><strong>ningulus</strong></span> <span class='ocrx_word' id='word_1_8' title='bbox 786 589 898 673; x_wconf 72' lang='lat' dir='ltr'><strong>primae</strong></span> <span class='ocrx_word' id='word_1_9' title='bbox 916 588 1091 655; x_wconf 72' lang='lat' dir='ltr'><strong>creationis</strong></span> <span class='ocrx_word' id='word_1_10' title='bbox 1113 587 1193 653; x_wconf 75' lang='lat' dir='ltr'><strong>dieo</strong></span> <span class='ocrx_word' id='word_1_11' title='bbox 1214 608 1287 653; x_wconf 86' lang='lat' dir='ltr'><strong>non</strong></span> 
     </span>
     <span class='ocr_line' id='line_1_3' title="bbox 284 716 1286 801; baseline -0.003 -19"><span class='ocrx_word' id='word_1_12' title='bbox 284 717 377 782; x_wconf 87' lang='lat' dir='ltr'><strong>aliter</strong></span> <span class='ocrx_word' id='word_1_13' title='bbox 400 717 616 795; x_wconf 85' lang='lat' dir='ltr'><strong>claudentem,</strong></span> <span class='ocrx_word' id='word_1_14' title='bbox 640 738 737 800; x_wconf 81' lang='lat' dir='ltr'><strong>quam</strong></span> <span class='ocrx_word' id='word_1_15' title='bbox 767 736 824 800; x_wconf 89' lang='lat' dir='ltr'><strong>per</strong></span> <span class='ocrx_word' id='word_1_16' title='bbox 846 716 1107 801; x_wconf 73' lang='lat' dir='ltr'><strong>recognitionem</strong></span> <span class='ocrx_word' id='word_1_17' title='bbox 1134 736 1286 800; x_wconf 89' lang='lat' dir='ltr'><strong>operum</strong></span> 
     </span>
     <span class='ocr_line' id='line_1_4' title="bbox 285 844 537 928; baseline -0.008 -20"><span class='ocrx_word' id='word_1_18' title='bbox 285 845 440 928; x_wconf 79' lang='lat' dir='ltr'><strong>cujusque</strong></span> <span class='ocrx_word' id='word_1_19' title='bbox 463 844 537 907; x_wconf 88' lang='lat' dir='ltr'><strong>diei.</strong></span> 
     </span>
    </p>

    <p class='ocr_par' dir='ltr' id='par_1_3' title="bbox 198 971 985 1056">
     <span class='ocr_line' id='line_1_5' title="bbox 198 971 985 1056; baseline 0 -21"><span class='ocrx_word' id='word_1_20' title='bbox 198 973 242 1035; x_wconf 87' lang='lat' dir='ltr'><strong>Et</strong></span> <span class='ocrx_word' id='word_1_21' title='bbox 263 972 344 1035; x_wconf 85' lang='lat' dir='ltr'><strong>vidit</strong></span> <span class='ocrx_word' id='word_1_22' title='bbox 367 971 453 1056; x_wconf 87' lang='lat' dir='ltr'><strong>quod</strong></span> <span class='ocrx_word' id='word_1_23' title='bbox 474 971 560 1036; x_wconf 89' lang='lat' dir='ltr'><strong>bona</strong></span> <span class='ocrx_word' id='word_1_24' title='bbox 582 977 700 1035; x_wconf 85' lang='lat' dir='ltr'><strong>eaaent.</strong></span> <span class='ocrx_word' id='word_1_25' title='bbox 748 971 824 1035; x_wconf 69' lang='lat' dir='ltr'><strong>Gen,</strong></span> <span class='ocrx_word' id='word_1_26' title='bbox 848 971 871 1035; x_wconf 87' lang='lat' dir='ltr'><strong>i.</strong></span> <span class='ocrx_word' id='word_1_27' title='bbox 903 971 985 1055; x_wconf 75' lang='lat' dir='ltr'><strong>[eL]</strong></span> 
     </span>
    </p>

    <p class='ocr_par' dir='ltr' id='par_1_4' title="bbox 202 1097 1284 1310">
     <span class='ocr_line' id='line_1_6' title="bbox 202 1097 1284 1185; baseline 0.002 -24"><span class='ocrx_word' id='word_1_28' title='bbox 202 1100 318 1163; x_wconf 83' lang='lat' dir='ltr'><strong>Cicero.</strong></span> <span class='ocrx_word' id='word_1_29' title='bbox 365 1099 447 1164; x_wconf 86' lang='lat' dir='ltr'><strong>Cato</strong></span> <span class='ocrx_word' id='word_1_30' title='bbox 469 1097 577 1161; x_wconf 88' lang='lat' dir='ltr'><strong>diurni</strong></span> <span class='ocrx_word' id='word_1_31' title='bbox 598 1098 722 1182; x_wconf 84' lang='lat' dir='ltr'><strong>negotii</strong></span> <span class='ocrx_word' id='word_1_32' title='bbox 751 1120 771 1162; x_wconf 89' lang='lat' dir='ltr'><strong>a</strong></span> <span class='ocrx_word' id='word_1_33' title='bbox 799 1119 833 1162; x_wconf 81' lang='lat' dir='ltr'><strong>se</strong></span> <span class='ocrx_word' id='word_1_34' title='bbox 854 1098 1012 1165; x_wconf 82' lang='lat' dir='ltr'><strong>rationem</strong></span> <span class='ocrx_word' id='word_1_35' title='bbox 1042 1099 1220 1185; x_wconf 75' lang='lat' dir='ltr'><strong>exigebat,</strong></span> <span class='ocrx_word' id='word_1_36' title='bbox 1246 1106 1284 1163; x_wconf 88' lang='lat' dir='ltr'><strong>et</strong></span> 
     </span>
     <span class='ocr_line' id='line_1_7' title="bbox 289 1224 618 1310; baseline -0.006 -21"><span class='ocrx_word' id='word_1_37' title='bbox 289 1224 489 1310; x_wconf 79' lang='lat' dir='ltr'><strong>Pythagoras</strong></span> <span class='ocrx_word' id='word_1_38' title='bbox 511 1224 618 1288; x_wconf 86' lang='lat' dir='ltr'><strong>etiam.</strong></span> 
     </span>
    </p>

    <p class='ocr_par' dir='ltr' id='par_1_5' title="bbox 199 1353 649 1435">
     <span class='ocr_line' id='line_1_8' title="bbox 199 1353 649 1435; baseline 0 -21"><span class='ocrx_word' id='word_1_39' title='bbox 199 1353 358 1416; x_wconf 69' lang='lat' dir='ltr'><strong>Ausonius</strong></span> <span class='ocrx_word' id='word_1_40' title='bbox 380 1373 420 1415; x_wconf 69' lang='lat' dir='ltr'><strong>ee</strong></span> <span class='ocrx_word' id='word_1_41' title='bbox 441 1354 649 1435; x_wconf 64' lang='lat' dir='ltr'><strong>Pythagora:</strong></span> 
     </span>
    </p>

    <p class='ocr_par' dir='ltr' id='par_1_6' title="bbox 203 1477 1154 1937">
     <span class='ocr_line' id='line_1_9' title="bbox 243 1477 1154 1562; baseline 0 -19"><span class='ocrx_word' id='word_1_42' title='bbox 243 1479 316 1543; x_wconf 88' lang='lat' dir='ltr'><strong>Nee</strong></span> <span class='ocrx_word' id='word_1_43' title='bbox 337 1479 426 1562; x_wconf 84' lang='lat' dir='ltr'><strong>prius</strong></span> <span class='ocrx_word' id='word_1_44' title='bbox 447 1478 482 1540; x_wconf 94' lang='lat' dir='ltr'><strong>in</strong></span> <span class='ocrx_word' id='word_1_45' title='bbox 505 1478 632 1542; x_wconf 84' lang='lat' dir='ltr'><strong>dulcem</strong></span> <span class='ocrx_word' id='word_1_46' title='bbox 655 1477 818 1542; x_wconf 86' lang='lat' dir='ltr'><strong>declinent</strong></span> <span class='ocrx_word' id='word_1_47' title='bbox 839 1478 962 1543; x_wconf 85' lang='lat' dir='ltr'><strong>lumina</strong></span> <span class='ocrx_word' id='word_1_48' title='bbox 983 1499 1154 1556; x_wconf 72' lang='lat' dir='ltr'><strong>somnum,</strong></span> 
     </span>
     <span class='ocr_line' id='line_1_10' title="bbox 244 1605 987 1689; baseline -0.001 -19"><span class='ocrx_word' id='word_1_49' title='bbox 244 1606 363 1670; x_wconf 85' lang='lat' dir='ltr'><strong>Omnia</strong></span> <span class='ocrx_word' id='word_1_50' title='bbox 385 1627 481 1689; x_wconf 81' lang='lat' dir='ltr'><strong>quam</strong></span> <span class='ocrx_word' id='word_1_51' title='bbox 503 1606 592 1688; x_wconf 82' lang='lat' dir='ltr'><strong>longi</strong></span> <span class='ocrx_word' id='word_1_52' title='bbox 614 1605 799 1688; x_wconf 71' lang='lat' dir='ltr'><strong>repetiverit</strong></span> <span class='ocrx_word' id='word_1_53' title='bbox 822 1614 894 1670; x_wconf 87' lang='lat' dir='ltr'><strong>aeta</strong></span> <span class='ocrx_word' id='word_1_54' title='bbox 914 1605 987 1671; x_wconf 72' lang='lat' dir='ltr'><strong>diei.</strong></span> 
     </span>
     <span class='ocr_line' id='line_1_11' title="bbox 203 1730 877 1810; baseline 0.001 -16"><span class='ocrx_word' id='word_1_55' title='bbox 203 1733 270 1794; x_wconf 86' lang='lat' dir='ltr'><strong>Rex</strong></span> <span class='ocrx_word' id='word_1_56' title='bbox 293 1730 408 1808; x_wconf 87' lang='lat' dir='ltr'><strong>David,</strong></span> <span class='ocrx_word' id='word_1_57' title='bbox 431 1736 544 1794; x_wconf 83' lang='lat' dir='ltr'><strong>exacto</strong></span> <span class='ocrx_word' id='word_1_58' title='bbox 566 1730 627 1806; x_wconf 91' lang='lat' dir='ltr'><strong>die,</strong></span> <span class='ocrx_word' id='word_1_59' title='bbox 650 1731 877 1810; x_wconf 81' lang='lat' dir='ltr'><strong>meditabatur,</strong></span> 
     </span>
     <span class='ocr_line' id='line_1_12' title="bbox 331 1852 773 1937; baseline -0.002 -18"><span class='ocrx_word' id='word_1_60' title='bbox 331 1854 382 1919; x_wconf 74' lang='lat' dir='ltr'><strong>roi</strong></span> <span class='ocrx_word' id='word_1_61' title='bbox 406 1852 550 1918; x_wconf 67' lang='grc' dir='ltr'>ἔσκαλλε</span> <span class='ocrx_word' id='word_1_62' title='bbox 572 1853 609 1917; x_wconf 82' lang='grc' dir='ltr'><strong>τὸ</strong></span> <span class='ocrx_word' id='word_1_63' title='bbox 632 1856 773 1937; x_wconf 76' lang='grc' dir='ltr'>Πνεῦμα.</span> 
     </span>
    </p>
   </div>
   <div class='ocr_carea' id='block_1_3' title="bbox 199 2205 1272 3432">
    <p class='ocr_par' dir='ltr' id='par_1_7' title="bbox 201 2205 990 2288">
     <span class='ocr_line' id='line_1_13' title="bbox 201 2205 990 2288; baseline 0.003 -20"><span class='ocrx_word' id='word_1_64' title='bbox 201 2205 243 2270; x_wconf 91' lang='lat' dir='ltr'><strong>In</strong></span> <span class='ocrx_word' id='word_1_65' title='bbox 265 2206 327 2271; x_wconf 90' lang='lat' dir='ltr'><strong>hoo</strong></span> <span class='ocrx_word' id='word_1_66' title='bbox 348 2205 576 2288; x_wconf 84' lang='lat' dir='ltr'><strong>Areopagitieo</strong></span> <span class='ocrx_word' id='word_1_67' title='bbox 598 2211 632 2269; x_wconf 91' lang='lat' dir='ltr'><strong>et</strong></span> <span class='ocrx_word' id='word_1_68' title='bbox 654 2210 812 2270; x_wconf 82' lang='lat' dir='ltr'><strong>nootumo</strong></span> <span class='ocrx_word' id='word_1_69' title='bbox 833 2206 990 2285; x_wconf 84' lang='lat' dir='ltr'><strong>examine,</strong></span> 
     </span>
    </p>

    <p class='ocr_par' dir='ltr' id='par_1_8' title="bbox 287 2332 1272 2417">
     <span class='ocr_line' id='line_1_14' title="bbox 287 2332 1272 2417; baseline 0.004 -22"><span class='ocrx_word' id='word_1_70' title='bbox 287 2332 372 2397; x_wconf 84' lang='lat' dir='ltr'><strong>Vide</strong></span> <span class='ocrx_word' id='word_1_71' title='bbox 408 2354 449 2396; x_wconf 92' lang='lat' dir='ltr'><strong>ne</strong></span> <span class='ocrx_word' id='word_1_72' title='bbox 486 2340 659 2416; x_wconf 80' lang='lat' dir='ltr'><strong>patronum</strong></span> <span class='ocrx_word' id='word_1_73' title='bbox 697 2340 731 2396; x_wconf 91' lang='lat' dir='ltr'><strong>te</strong></span> <span class='ocrx_word' id='word_1_74' title='bbox 762 2332 913 2409; x_wconf 77' lang='lat' dir='ltr'><strong>ostendes</strong></span> <span class='ocrx_word' id='word_1_75' title='bbox 948 2340 1167 2417; x_wconf 83' lang='lat' dir='ltr'><strong>peccatorum,</strong></span> <span class='ocrx_word' id='word_1_76' title='bbox 1207 2336 1272 2399; x_wconf 87' lang='lat' dir='ltr'><strong>aed</strong></span> 
     </span>
    </p>

    <p class='ocr_par' dir='ltr' id='par_1_9' title="bbox 286 2460 949 2796">
     <span class='ocr_line' id='line_1_15' title="bbox 413 2460 566 2543; baseline 0.013 -21"><span class='ocrx_word' id='word_1_77' title='bbox 413 2460 566 2543; x_wconf 84' lang='lat' dir='ltr'><strong>judicem.</strong></span> 
     </span>
     <span class='ocr_line' id='line_1_16' title="bbox 286 2585 895 2665; baseline 0.003 -16"><span class='ocrx_word' id='word_1_78' title='bbox 286 2588 330 2650; x_wconf 82' lang='lat' dir='ltr'><strong>Et</strong></span> <span class='ocrx_word' id='word_1_79' title='bbox 351 2587 387 2650; x_wconf 91' lang='lat' dir='ltr'><strong>in</strong></span> <span class='ocrx_word' id='word_1_80' title='bbox 409 2587 564 2651; x_wconf 85' lang='lat' dir='ltr'><strong>tribunali</strong></span> <span class='ocrx_word' id='word_1_81' title='bbox 587 2587 705 2661; x_wconf 83' lang='lat' dir='ltr'><strong>mentis</strong></span> <span class='ocrx_word' id='word_1_82' title='bbox 728 2592 793 2650; x_wconf 85' lang='lat' dir='ltr'><strong>tuae</strong></span> <span class='ocrx_word' id='word_1_83' title='bbox 815 2585 895 2665; x_wconf 84' lang='lat' dir='ltr'><strong>dic„</strong></span> 
     </span>
     <span class='ocr_line' id='line_1_17' title="bbox 333 2712 949 2796; baseline 0.002 -20"><span class='ocrx_word' id='word_1_84' title='bbox 333 2713 408 2795; x_wconf 86' lang='lat' dir='ltr'><strong>(Dic</strong></span> <span class='ocrx_word' id='word_1_85' title='bbox 431 2712 636 2776; x_wconf 89' lang='lat' dir='ltr'><strong>cumdolore</strong></span> <span class='ocrx_word' id='word_1_86' title='bbox 659 2720 692 2776; x_wconf 93' lang='lat' dir='ltr'><strong>et</strong></span> <span class='ocrx_word' id='word_1_87' title='bbox 714 2712 949 2796; x_wconf 81' lang='lat' dir='ltr'><strong>indignatione)</strong></span> 
     </span>
    </p>

    <p class='ocr_par' dir='ltr' id='par_1_10' title="bbox 199 2840 1129 2923">
     <span class='ocr_line' id='line_1_18' title="bbox 199 2840 1129 2923; baseline 0 -20"><span class='ocrx_word' id='word_1_88' title='bbox 199 2841 411 2923; x_wconf 86' lang='lat' dir='ltr'><strong>Iniquitatem</strong></span> <span class='ocrx_word' id='word_1_89' title='bbox 433 2861 538 2904; x_wconf 90' lang='lat' dir='ltr'><strong>meam</strong></span> <span class='ocrx_word' id='word_1_90' title='bbox 561 2861 710 2923; x_wconf 85' lang='lat' dir='ltr'><strong>agnosco,</strong></span> <span class='ocrx_word' id='word_1_91' title='bbox 733 2840 885 2918; x_wconf 89' lang='lat' dir='ltr'><strong>Domine,</strong></span> <span class='ocrx_word' id='word_1_92' title='bbox 929 2840 1017 2903; x_wconf 74' lang='lat' dir='ltr'><strong>Prot.</strong></span> <span class='ocrx_word' id='word_1_93' title='bbox 1041 2840 1075 2904; x_wconf 90' lang='lat' dir='ltr'><strong>li.</strong></span> <span class='ocrx_word' id='word_1_94' title='bbox 1098 2844 1129 2903; x_wconf 84' lang='lat'><strong>3.</strong></span> 
     </span>
    </p>

    <p class='ocr_par' dir='ltr' id='par_1_11' title="bbox 203 2968 1266 3309">
     <span class='ocr_line' id='line_1_19' title="bbox 287 2968 905 3053; baseline -0.002 -19"><span class='ocrx_word' id='word_1_95' title='bbox 287 2970 316 3034; x_wconf 92' lang='grc' dir='ltr'>Ο</span> <span class='ocrx_word' id='word_1_96' title='bbox 340 2969 409 3053; x_wconf 89' lang='lat' dir='ltr'><strong>quis</strong></span> <span class='ocrx_word' id='word_1_97' title='bbox 432 2968 521 3033; x_wconf 90' lang='lat' dir='ltr'><strong>dabit</strong></span> <span class='ocrx_word' id='word_1_98' title='bbox 543 2970 646 3032; x_wconf 88' lang='lat' dir='ltr'><strong>menti</strong></span> <span class='ocrx_word' id='word_1_99' title='bbox 668 2989 747 3033; x_wconf 84' lang='lat' dir='ltr'><strong>meae</strong></span> <span class='ocrx_word' id='word_1_100' title='bbox 769 2968 905 3051; x_wconf 84' lang='lat' dir='ltr'><strong>flagella,</strong></span> 
     </span>
     <span class='ocr_line' id='line_1_20' title="bbox 203 3097 1147 3180; baseline -0.002 -18"><span class='ocrx_word' id='word_1_101' title='bbox 203 3097 284 3162; x_wconf 80' lang='lat' dir='ltr'><strong>Quae</strong></span> <span class='ocrx_word' id='word_1_102' title='bbox 306 3099 444 3180; x_wconf 86' lang='lat' dir='ltr'><strong>peccetis</strong></span> <span class='ocrx_word' id='word_1_103' title='bbox 466 3097 546 3162; x_wconf 82' lang='lat' dir='ltr'><strong>meis</strong></span> <span class='ocrx_word' id='word_1_104' title='bbox 568 3119 634 3161; x_wconf 90' lang='lat' dir='ltr'><strong>non</strong></span> <span class='ocrx_word' id='word_1_105' title='bbox 656 3097 812 3180; x_wconf 75' lang='lat' dir='ltr'><strong>parcant?</strong></span> <span class='ocrx_word' id='word_1_106' title='bbox 857 3098 981 3161; x_wconf 76' lang='lat' dir='ltr'><strong>Eeclue.</strong></span> <span class='ocrx_word' id='word_1_107' title='bbox 1006 3097 1091 3161; x_wconf 80' lang='lat' dir='ltr'><strong>xxiii.</strong></span> <span class='ocrx_word' id='word_1_108' title='bbox 1115 3100 1147 3161; x_wconf 81' lang='lat'><strong>2.</strong></span> 
     </span>
     <span class='ocr_line' id='line_1_21' title="bbox 203 3220 1266 3309; baseline 0.005 -25"><span class='ocrx_word' id='word_1_109' title='bbox 203 3220 245 3284; x_wconf 86' lang='grc' dir='ltr'><strong>Εἰ</strong></span> <span class='ocrx_word' id='word_1_110' title='bbox 265 3222 395 3293; x_wconf 76' lang='grc' dir='ltr'>ἑαυτοὺς</span> <span class='ocrx_word' id='word_1_111' title='bbox 417 3221 619 3309; x_wconf 79' lang='grc' dir='ltr'>διεκρίνομεν,</span> <span class='ocrx_word' id='word_1_112' title='bbox 643 3220 700 3287; x_wconf 82' lang='grc' dir='ltr'><strong>οὐκ</strong></span> <span class='ocrx_word' id='word_1_113' title='bbox 721 3221 761 3288; x_wconf 79' lang='grc' dir='ltr'><strong>ἂν</strong></span> <span class='ocrx_word' id='word_1_114' title='bbox 784 3220 982 3309; x_wconf 78' lang='grc' dir='ltr'>ἐκρινόμεθα.</span> <span class='ocrx_word' id='word_1_115' title='bbox 1018 3228 1033 3288; x_wconf 96' lang='lat' dir='ltr'>l</span> <span class='ocrx_word' id='word_1_116' title='bbox 1056 3224 1127 3288; x_wconf 71' lang='lat' dir='ltr'><strong>(lor.</strong></span> <span class='ocrx_word' id='word_1_117' title='bbox 1143 3225 1189 3289; x_wconf 87' lang='lat' dir='ltr'><strong>xi.</strong></span> <span class='ocrx_word' id='word_1_118' title='bbox 1205 3228 1266 3290; x_wconf 84' lang='lat'><strong>31.</strong></span> 
     </span>
    </p>

    <p class='ocr_par' dir='ltr' id='par_1_12' title="bbox 448 3347 1186 3432">
     <span class='ocr_line' id='line_1_22' title="bbox 448 3347 1186 3432; baseline 0.004 -21"><span class='ocrx_word' id='word_1_119' title='bbox 448 3347 649 3429; x_wconf 80' lang='grc' dir='ltr'>κοιμωμένων</span> <span class='ocrx_word' id='word_1_120' title='bbox 671 3347 791 3432; x_wconf 78' lang='grc' dir='ltr'>φύλαξ,</span> <span class='ocrx_word' id='word_1_121' title='bbox 815 3349 1043 3413; x_wconf 88' lang='lat' dir='ltr'><strong>dormientium</strong></span> <span class='ocrx_word' id='word_1_122' title='bbox 1066 3359 1186 3427; x_wconf 76' lang='lat' dir='ltr'><strong>custos,</strong></span> 
     </span>
    </p>
   </div>
   <div class='ocr_carea' id='block_1_4' title="bbox 202 3474 1242 3815">
    <p class='ocr_par' dir='ltr' id='par_1_13' title="bbox 202 3474 1242 3815">
     <span class='ocr_line' id='line_1_23' title="bbox 203 3474 1242 3565; baseline 0.006 -27"><span class='ocrx_word' id='word_1_123' title='bbox 203 3474 315 3538; x_wconf 79' lang='lat' dir='ltr'><strong>Oratio</strong></span> <span class='ocrx_word' id='word_1_124' title='bbox 337 3483 386 3537; x_wconf 84' lang='lat' dir='ltr'><strong>est</strong></span> <span class='ocrx_word' id='word_1_125' title='bbox 452 3474 667 3563; x_wconf 70' lang='grc' dir='ltr'>ἐγρηγορότων</span> <span class='ocrx_word' id='word_1_126' title='bbox 703 3476 833 3565; x_wconf 80' lang='grc' dir='ltr'>θάρσος,</span> <span class='ocrx_word' id='word_1_127' title='bbox 870 3479 1073 3560; x_wconf 81' lang='lat' dir='ltr'><strong>vigilantium</strong></span> <span class='ocrx_word' id='word_1_128' title='bbox 1109 3479 1242 3544; x_wconf 78' lang='lat' dir='ltr'><strong>fiducia.</strong></span> 
     </span>
     <span class='ocr_line' id='line_1_24' title="bbox 498 3603 673 3685; baseline 0.011 -20"><span class='ocrx_word' id='word_1_129' title='bbox 498 3603 553 3666; x_wconf 87' lang='lat' dir='ltr'><strong>Gr.</strong></span> <span class='ocrx_word' id='word_1_130' title='bbox 577 3603 673 3685; x_wconf 72' lang='lat' dir='ltr'><strong>Nysa.</strong></span> 
     </span>
     <span class='ocr_line' id='line_1_25' title="bbox 202 3730 1063 3815; baseline -0.003 -19"><span class='ocrx_word' id='word_1_131' title='bbox 202 3733 318 3815; x_wconf 88' lang='lat' dir='ltr'><strong>Neque</strong></span> <span class='ocrx_word' id='word_1_132' title='bbox 340 3752 414 3794; x_wconf 90' lang='lat' dir='ltr'><strong>eum</strong></span> <span class='ocrx_word' id='word_1_133' title='bbox 435 3737 545 3795; x_wconf 87' lang='lat' dir='ltr'><strong>tutum</strong></span> <span class='ocrx_word' id='word_1_134' title='bbox 567 3731 771 3811; x_wconf 85' lang='lat' dir='ltr'><strong>arbitramur,</strong></span> <span class='ocrx_word' id='word_1_135' title='bbox 795 3732 849 3815; x_wconf 93' lang='lat' dir='ltr'><strong>qui</strong></span> <span class='ocrx_word' id='word_1_136' title='bbox 872 3753 939 3796; x_wconf 91' lang='lat' dir='ltr'><strong>non</strong></span> <span class='ocrx_word' id='word_1_137' title='bbox 965 3730 1063 3796; x_wconf 82' lang='lat' dir='ltr'><strong>fuerit</strong></span> 
     </span>
    </p>
   </div>
   <div class='ocr_carea' id='block_1_5' title="bbox 203 3859 1263 4192">
    <p class='ocr_par' dir='ltr' id='par_1_14' title="bbox 203 3859 1263 4192">
     <span class='ocr_line' id='line_1_26' title="bbox 290 3859 985 3942; baseline -0.003 -18"><span class='ocrx_word' id='word_1_138' title='bbox 290 3859 454 3924; x_wconf 79' lang='lat' dir='ltr'><strong>Orationis</strong></span> <span class='ocrx_word' id='word_1_139' title='bbox 478 3860 574 3922; x_wconf 74' lang='lat' dir='ltr'><strong>arinis</strong></span> <span class='ocrx_word' id='word_1_140' title='bbox 597 3859 807 3942; x_wconf 84' lang='lat' dir='ltr'><strong>praesidioquo</strong></span> <span class='ocrx_word' id='word_1_141' title='bbox 829 3859 985 3922; x_wconf 84' lang='lat' dir='ltr'><strong>munitus.</strong></span> 
     </span>
     <span class='ocr_line' id='line_1_27' title="bbox 203 3986 1263 4070; baseline 0.003 -19"><span class='ocrx_word' id='word_1_142' title='bbox 203 3990 315 4066; x_wconf 78' lang='lat' dir='ltr'><strong>Recte¹</strong></span> <span class='ocrx_word' id='word_1_143' title='bbox 332 3986 432 4070; x_wconf 86' lang='lat' dir='ltr'><strong>igitur</strong></span> <span class='ocrx_word' id='word_1_144' title='bbox 465 3988 544 4049; x_wconf 83' lang='lat' dir='ltr'><strong><em>Rab.</em></strong></span> <span class='ocrx_word' id='word_1_145' title='bbox 568 3988 598 4050; x_wconf 90' lang='lat' dir='ltr'><strong>J.</strong></span> <span class='ocrx_word' id='word_1_146' title='bbox 628 3987 668 4051; x_wconf 86' lang='lat' dir='ltr'><strong>de</strong></span> <span class='ocrx_word' id='word_1_147' title='bbox 700 3987 891 4069; x_wconf 71' lang='lat' dir='ltr'><strong>poenitentia</strong></span> <span class='ocrx_word' id='word_1_148' title='bbox 919 4008 985 4051; x_wconf 91' lang='lat' dir='ltr'><strong>non</strong></span> <span class='ocrx_word' id='word_1_149' title='bbox 1015 3987 1050 4049; x_wconf 92' lang='lat' dir='ltr'><strong>in</strong></span> <span class='ocrx_word' id='word_1_150' title='bbox 1080 3987 1263 4054; x_wconf 82' lang='lat' dir='ltr'><strong>erastinum</strong></span> 
     </span>
     <span class='ocr_line' id='line_1_28' title="bbox 291 4113 477 4192; baseline 0 -15"><span class='ocrx_word' id='word_1_151' title='bbox 291 4113 477 4192; x_wconf 83' lang='lat' dir='ltr'><strong>differenda,</strong></span> 
     </span>
    </p>
   </div>
   <div class='ocr_carea' id='block_1_6' title="bbox 313 4236 1146 4346">
    <p class='ocr_par' dir='ltr' id='par_1_15' title="bbox 313 4236 1146 4346">
     <span class='ocr_line' id='line_1_29' title="bbox 313 4236 1146 4346; baseline 0 -14"><span class='ocrx_word' id='word_1_152' title='bbox 313 4266 438 4336; x_wconf 70' lang='lat' dir='ltr'><strong>unm</strong></span> <span class='ocrx_word' id='word_1_153' title='bbox 464 4266 661 4344; x_wconf 72' lang='lat' dir='ltr'><strong>uuuonm</strong></span> <span class='ocrx_word' id='word_1_154' title='bbox 689 4236 860 4346; x_wconf 55' lang='grc' dir='ltr'><strong>μονον-ι</strong></span> <span class='ocrx_word' id='word_1_155' title='bbox 888 4237 1029 4337; x_wconf 66' lang='lat' dir='ltr'><strong>ninum</strong></span> <span class='ocrx_word' id='word_1_156' title='bbox 1059 4266 1146 4336; x_wconf 60' lang='lat' dir='ltr'><strong>uun</strong></span> 
     </span>
    </p>
   </div>
   <div class='ocr_carea' id='block_1_7' title="bbox 0 0 1468 5002">
    <p class='ocr_par' dir='ltr' id='par_1_16' title="bbox 0 0 1468 5002">
     <span class='ocr_line' id='line_1_30' title="bbox 0 0 1468 5002; baseline 0 0"><span class='ocrx_word' id='word_1_157' title='bbox 0 0 1468 5002; x_wconf 95' lang='lat' dir='ltr'><strong> </strong></span> 
     </span>
    </p>
   </div>
  </div>
 </body>
</html>
