<?xml version="1.0" encoding="UTF-8"?>
<!DOCTYPE html PUBLIC "-//W3C//DTD XHTML 1.0 Transitional//EN"
    "http://www.w3.org/TR/xhtml1/DTD/xhtml1-transitional.dtd">
<html xmlns="http://www.w3.org/1999/xhtml" xml:lang="en" lang="en">
 <head>
  <title>
</title>
<meta http-equiv="Content-Type" content="text/html;charset=utf-8" />
  <meta name='ocr-system' content='tesseract 3.04.00' />
  <meta name='ocr-capabilities' content='ocr_page ocr_carea ocr_par ocr_line ocrx_word'/>
</head>
<body>
  <div class='ocr_page' id='page_1' title='image "./precesprivataeq00andrgoog_0298.png"; bbox 0 0 2910 5002; ppageno 0'>
   <div class='ocr_carea' id='block_1_1' title="bbox 463 465 1243 536">
    <p class='ocr_par' dir='ltr' id='par_1_1' title="bbox 463 465 1243 536">
     <span class='ocr_line' id='line_1_1' title="bbox 463 465 1243 536; baseline 0.004 -5"><span class='ocrx_word' id='word_1_1' title='bbox 463 465 632 534; x_wconf 87' lang='lat' dir='ltr'>PRECES</span> <span class='ocrx_word' id='word_1_2' title='bbox 658 470 975 536; x_wconf 79' lang='lat' dir='ltr'><strong>QUOTIDIANAE.</strong></span> <span class='ocrx_word' id='word_1_3' title='bbox 1180 474 1243 536; x_wconf 82' lang='lat'><strong>275</strong></span> 
     </span>
    </p>
   </div>
   <div class='ocr_carea' id='block_1_2' title="bbox 209 635 1075 1607">
    <p class='ocr_par' dir='ltr' id='par_1_2' title="bbox 209 635 1075 1607">
     <span class='ocr_line' id='line_1_2' title="bbox 276 635 1003 718; baseline 0.001 -19"><span class='ocrx_word' id='word_1_4' title='bbox 276 635 413 699; x_wconf 81' lang='lat' dir='ltr'><strong>Praemia</strong></span> <span class='ocrx_word' id='word_1_5' title='bbox 434 640 555 699; x_wconf 86' lang='lat' dir='ltr'><strong>aeterna</strong></span> <span class='ocrx_word' id='word_1_6' title='bbox 576 643 814 718; x_wconf 84' lang='lat' dir='ltr'><strong>consequantur</strong></span> <span class='ocrx_word' id='word_1_7' title='bbox 837 637 872 700; x_wconf 92' lang='lat' dir='ltr'><strong>in</strong></span> <span class='ocrx_word' id='word_1_8' title='bbox 894 636 983 701; x_wconf 88' lang='lat' dir='ltr'><strong>eoelis</strong></span> <span class='ocrx_word' id='word_1_9' title='bbox 992 660 1003 714; x_wconf 80' lang='lat'><em>3</em></span> 
     </span>
     <span class='ocr_line' id='line_1_3' title="bbox 210 761 964 846; baseline 0.001 -21"><span class='ocrx_word' id='word_1_10' title='bbox 210 763 242 824; x_wconf 80' lang='lat'><strong>2.</strong></span> <span class='ocrx_word' id='word_1_11' title='bbox 276 763 325 825; x_wconf 87' lang='lat' dir='ltr'><strong>Ut</strong></span> <span class='ocrx_word' id='word_1_12' title='bbox 347 761 492 825; x_wconf 77' lang='lat' dir='ltr'>miserias</span> <span class='ocrx_word' id='word_1_13' title='bbox 513 783 690 846; x_wconf 89' lang='lat' dir='ltr'><strong>pauperum</strong></span> <span class='ocrx_word' id='word_1_14' title='bbox 713 771 746 826; x_wconf 89' lang='lat' dir='ltr'><strong>et</strong></span> <span class='ocrx_word' id='word_1_15' title='bbox 768 763 964 846; x_wconf 84' lang='lat' dir='ltr'><strong>captivorum</strong></span> 
     </span>
     <span class='ocr_line' id='line_1_4' title="bbox 318 890 841 974; baseline 0 -20"><span class='ocrx_word' id='word_1_16' title='bbox 318 890 439 954; x_wconf 87' lang='lat' dir='ltr'><strong>intueri</strong></span> <span class='ocrx_word' id='word_1_17' title='bbox 462 898 495 954; x_wconf 91' lang='lat' dir='ltr'><strong>et</strong></span> <span class='ocrx_word' id='word_1_18' title='bbox 515 890 656 955; x_wconf 79' lang='lat' dir='ltr'><strong>relevare</strong></span> <span class='ocrx_word' id='word_1_19' title='bbox 679 890 821 974; x_wconf 83' lang='lat' dir='ltr'><strong>digneris</strong></span> <span class='ocrx_word' id='word_1_20' title='bbox 831 917 841 969; x_wconf 81' lang='lat'>3</span> 
     </span>
     <span class='ocr_line' id='line_1_5' title="bbox 210 1016 896 1102; baseline 0.003 -23"><span class='ocrx_word' id='word_1_21' title='bbox 210 1019 242 1080; x_wconf 88' lang='lat'><strong>3.</strong></span> <span class='ocrx_word' id='word_1_22' title='bbox 277 1018 325 1081; x_wconf 85' lang='lat' dir='ltr'><strong>Ut</strong></span> <span class='ocrx_word' id='word_1_23' title='bbox 346 1016 455 1102; x_wconf 87' lang='lat' dir='ltr'><strong>lapsus</strong></span> <span class='ocrx_word' id='word_1_24' title='bbox 478 1018 582 1082; x_wconf 91' lang='lat' dir='ltr'><strong>carnis</strong></span> <span class='ocrx_word' id='word_1_25' title='bbox 603 1017 732 1101; x_wconf 83' lang='lat' dir='ltr'><strong>fragiles</strong></span> <span class='ocrx_word' id='word_1_26' title='bbox 753 1017 896 1101; x_wconf 86' lang='lat' dir='ltr'><strong>benigna</strong></span> 
     </span>
     <span class='ocr_line' id='line_1_6' title="bbox 362 1144 732 1227; baseline 0 -19"><span class='ocrx_word' id='word_1_27' title='bbox 362 1144 580 1227; x_wconf 80' lang='lat' dir='ltr'><strong>compassione</strong></span> <span class='ocrx_word' id='word_1_28' title='bbox 601 1145 732 1223; x_wconf 81' lang='lat' dir='ltr'><strong>recolas,</strong></span> 
     </span>
     <span class='ocr_line' id='line_1_7' title="bbox 319 1269 746 1349; baseline 0.002 -16"><span class='ocrx_word' id='word_1_29' title='bbox 319 1275 352 1333; x_wconf 92' lang='lat' dir='ltr'><strong>et</strong></span> <span class='ocrx_word' id='word_1_30' title='bbox 372 1269 517 1334; x_wconf 87' lang='lat' dir='ltr'><strong>labentes</strong></span> <span class='ocrx_word' id='word_1_31' title='bbox 539 1271 746 1349; x_wconf 82' lang='lat' dir='ltr'><strong>statumines3</strong></span> 
     </span>
     <span class='ocr_line' id='line_1_8' title="bbox 209 1397 1075 1481; baseline 0.001 -21"><span class='ocrx_word' id='word_1_32' title='bbox 209 1402 240 1460; x_wconf 82' lang='lat'><strong>4.</strong></span> <span class='ocrx_word' id='word_1_33' title='bbox 265 1397 314 1460; x_wconf 92' lang='lat' dir='ltr'><strong>Ut</strong></span> <span class='ocrx_word' id='word_1_34' title='bbox 335 1397 525 1481; x_wconf 85' lang='lat' dir='ltr'><strong>obsequium</strong></span> <span class='ocrx_word' id='word_1_35' title='bbox 547 1397 710 1462; x_wconf 88' lang='lat' dir='ltr'><strong>servitutis</strong></span> <span class='ocrx_word' id='word_1_36' title='bbox 732 1404 849 1461; x_wconf 85' lang='lat' dir='ltr'><strong>nostrae</strong></span> <span class='ocrx_word' id='word_1_37' title='bbox 871 1397 1075 1462; x_wconf 83' lang='lat' dir='ltr'><strong>rationabile.</strong></span> 
     </span>
     <span class='ocr_line' id='line_1_9' title="bbox 356 1523 684 1607; baseline 0.006 -21"><span class='ocrx_word' id='word_1_38' title='bbox 356 1531 524 1607; x_wconf 89' lang='lat' dir='ltr'><strong>acceptum</strong></span> <span class='ocrx_word' id='word_1_39' title='bbox 544 1523 664 1588; x_wconf 88' lang='lat' dir='ltr'><strong>babeas</strong></span> <span class='ocrx_word' id='word_1_40' title='bbox 674 1549 684 1600; x_wconf 89' lang='lat'>;</span> 
     </span>
    </p>
   </div>
   <div class='ocr_carea' id='block_1_3' title="bbox 209 1628 1174 1732">
    <p class='ocr_par' dir='ltr' id='par_1_3' title="bbox 209 1628 1174 1732">
     <span class='ocr_line' id='line_1_10' title="bbox 209 1628 1174 1732; baseline -0.001 -19"><span class='ocrx_word' id='word_1_41' title='bbox 209 1654 240 1714; x_wconf 89' lang='lat'><strong>5.</strong></span> <span class='ocrx_word' id='word_1_42' title='bbox 275 1651 324 1714; x_wconf 91' lang='lat' dir='ltr'><strong>Ut</strong></span> <span class='ocrx_word' id='word_1_43' title='bbox 345 1656 472 1713; x_wconf 85' lang='lat' dir='ltr'><strong>mentes</strong></span> <span class='ocrx_word' id='word_1_44' title='bbox 494 1656 621 1713; x_wconf 80' lang='lat' dir='ltr'><strong>nostras</strong></span> <span class='ocrx_word' id='word_1_45' title='bbox 643 1649 684 1712; x_wconf 90' lang='lat' dir='ltr'><strong>ad</strong></span> <span class='ocrx_word' id='word_1_46' title='bbox 706 1650 849 1713; x_wconf 87' lang='lat' dir='ltr'><strong>coelestia</strong></span> <span class='ocrx_word' id='word_1_47' title='bbox 871 1628 1030 1713; x_wconf 87' lang='lat' dir='ltr'><strong>desideria</strong></span> <span class='ocrx_word' id='word_1_48' title='bbox 1051 1649 1154 1732; x_wconf 84' lang='lat' dir='ltr'><strong>erigas</strong></span> <span class='ocrx_word' id='word_1_49' title='bbox 1164 1674 1174 1725; x_wconf 68' lang='grc' dir='ltr'><strong><em>ς</em></strong></span> 
     </span>
    </p>
   </div>
   <div class='ocr_carea' id='block_1_4' title="bbox 208 1774 1244 3122">
    <p class='ocr_par' dir='ltr' id='par_1_4' title="bbox 208 1774 1244 3122">
     <span class='ocr_line' id='line_1_11' title="bbox 209 1774 1243 1859; baseline -0.001 -19"><span class='ocrx_word' id='word_1_50' title='bbox 209 1781 240 1840; x_wconf 93' lang='grc'><strong>6.</strong></span> <span class='ocrx_word' id='word_1_51' title='bbox 275 1774 323 1840; x_wconf 91' lang='lat' dir='ltr'><strong>Ut</strong></span> <span class='ocrx_word' id='word_1_52' title='bbox 343 1777 451 1841; x_wconf 90' lang='lat' dir='ltr'><strong>oculos</strong></span> <span class='ocrx_word' id='word_1_53' title='bbox 473 1775 697 1839; x_wconf 71' lang='lat' dir='ltr'><strong>misericordia</strong></span> <span class='ocrx_word' id='word_1_54' title='bbox 717 1795 812 1858; x_wconf 87' lang='lat' dir='ltr'><strong>super</strong></span> <span class='ocrx_word' id='word_1_55' title='bbox 832 1796 891 1838; x_wconf 89' lang='lat' dir='ltr'><strong>nos</strong></span> <span class='ocrx_word' id='word_1_56' title='bbox 911 1775 1063 1840; x_wconf 85' lang='lat' dir='ltr'><strong>reducere</strong></span> <span class='ocrx_word' id='word_1_57' title='bbox 1083 1775 1243 1859; x_wconf 81' lang='lat' dir='ltr'><strong>digneris3</strong></span> 
     </span>
     <span class='ocr_line' id='line_1_12' title="bbox 209 1901 1244 1985; baseline -0.002 -17"><span class='ocrx_word' id='word_1_58' title='bbox 209 1907 240 1968; x_wconf 83' lang='lat'><strong>7.</strong></span> <span class='ocrx_word' id='word_1_59' title='bbox 274 1903 323 1968; x_wconf 92' lang='lat' dir='ltr'><strong>Ut</strong></span> <span class='ocrx_word' id='word_1_60' title='bbox 345 1903 468 1966; x_wconf 89' lang='lat' dir='ltr'><strong>animas</strong></span> <span class='ocrx_word' id='word_1_61' title='bbox 497 1908 623 1966; x_wconf 90' lang='lat' dir='ltr'><strong>nostras</strong></span> <span class='ocrx_word' id='word_1_62' title='bbox 645 1909 679 1966; x_wconf 89' lang='lat' dir='ltr'><strong>et</strong></span> <span class='ocrx_word' id='word_1_63' title='bbox 708 1901 961 1985; x_wconf 86' lang='lat' dir='ltr'><strong>propinquorum</strong></span> <span class='ocrx_word' id='word_1_64' title='bbox 990 1909 1174 1967; x_wconf 85' lang='lat' dir='ltr'><strong>nostrorum</strong></span> <span class='ocrx_word' id='word_1_65' title='bbox 1203 1902 1244 1966; x_wconf 90' lang='lat' dir='ltr'><strong>ab</strong></span> 
     </span>
     <span class='ocr_line' id='line_1_13' title="bbox 317 2026 820 2111; baseline -0.006 -19"><span class='ocrx_word' id='word_1_66' title='bbox 317 2034 438 2092; x_wconf 78' lang='lat' dir='ltr'><strong>aeterna</strong></span> <span class='ocrx_word' id='word_1_67' title='bbox 459 2026 664 2092; x_wconf 82' lang='lat' dir='ltr'><strong>damnatione</strong></span> <span class='ocrx_word' id='word_1_68' title='bbox 686 2027 801 2111; x_wconf 86' lang='lat' dir='ltr'><strong>eripias</strong></span> <span class='ocrx_word' id='word_1_69' title='bbox 810 2053 820 2105; x_wconf 81' lang='lat'>3</span> 
     </span>
     <span class='ocr_line' id='line_1_14' title="bbox 208 2153 833 2238; baseline 0 -22"><span class='ocrx_word' id='word_1_70' title='bbox 208 2157 239 2219; x_wconf 91' lang='lat'><strong>8.</strong></span> <span class='ocrx_word' id='word_1_71' title='bbox 276 2153 326 2220; x_wconf 89' lang='lat' dir='ltr'><strong>Ut</strong></span> <span class='ocrx_word' id='word_1_72' title='bbox 348 2175 422 2217; x_wconf 90' lang='lat' dir='ltr'><strong>cum</strong></span> <span class='ocrx_word' id='word_1_73' title='bbox 443 2153 496 2217; x_wconf 84' lang='lat' dir='ltr'><strong>his</strong></span> <span class='ocrx_word' id='word_1_74' title='bbox 517 2175 575 2238; x_wconf 88' lang='lat' dir='ltr'><strong>pro</strong></span> <span class='ocrx_word' id='word_1_75' title='bbox 598 2153 714 2237; x_wconf 89' lang='lat' dir='ltr'><strong>quibus</strong></span> <span class='ocrx_word' id='word_1_76' title='bbox 735 2154 833 2229; x_wconf 85' lang='lat' dir='ltr'><strong>oravi,</strong></span> 
     </span>
     <span class='ocr_line' id='line_1_15' title="bbox 315 2280 974 2364; baseline -0.003 -19"><span class='ocrx_word' id='word_1_77' title='bbox 315 2281 367 2345; x_wconf 82' lang='lat' dir='ltr'><strong>vel</strong></span> <span class='ocrx_word' id='word_1_78' title='bbox 388 2280 601 2364; x_wconf 80' lang='lat' dir='ltr'><strong>qualicrmque</strong></span> <span class='ocrx_word' id='word_1_79' title='bbox 622 2281 719 2345; x_wconf 92' lang='lat' dir='ltr'><strong>modo</strong></span> <span class='ocrx_word' id='word_1_80' title='bbox 740 2301 830 2344; x_wconf 89' lang='lat' dir='ltr'><strong>orare</strong></span> <span class='ocrx_word' id='word_1_81' title='bbox 852 2287 974 2359; x_wconf 88' lang='lat' dir='ltr'><strong>teneor,</strong></span> 
     </span>
     <span class='ocr_line' id='line_1_16' title="bbox 360 2407 836 2491; baseline -0.004 -19"><span class='ocrx_word' id='word_1_82' title='bbox 360 2415 393 2472; x_wconf 90' lang='lat' dir='ltr'><strong>et</strong></span> <span class='ocrx_word' id='word_1_83' title='bbox 415 2429 489 2472; x_wconf 90' lang='lat' dir='ltr'><strong>cum</strong></span> <span class='ocrx_word' id='word_1_84' title='bbox 512 2408 601 2472; x_wconf 89' lang='lat' dir='ltr'><strong>omni</strong></span> <span class='ocrx_word' id='word_1_85' title='bbox 621 2407 740 2491; x_wconf 86' lang='lat' dir='ltr'><strong>populo</strong></span> <span class='ocrx_word' id='word_1_86' title='bbox 762 2408 836 2486; x_wconf 91' lang='lat' dir='ltr'><strong>Dei,</strong></span> 
     </span>
     <span class='ocr_line' id='line_1_17' title="bbox 228 2533 966 2617; baseline 0.004 -22"><span class='ocrx_word' id='word_1_87' title='bbox 228 2533 389 2598; x_wconf 85' lang='lat' dir='ltr'><strong>introduci</strong></span> <span class='ocrx_word' id='word_1_88' title='bbox 411 2534 491 2597; x_wconf 91' lang='lat' dir='ltr'><strong>mihi</strong></span> <span class='ocrx_word' id='word_1_89' title='bbox 513 2534 608 2598; x_wconf 90' lang='lat' dir='ltr'><strong>detur</strong></span> <span class='ocrx_word' id='word_1_90' title='bbox 629 2534 665 2597; x_wconf 89' lang='lat' dir='ltr'><strong>in</strong></span> <span class='ocrx_word' id='word_1_91' title='bbox 687 2536 838 2617; x_wconf 79' lang='lat' dir='ltr'><strong>Regnum</strong></span> <span class='ocrx_word' id='word_1_92' title='bbox 861 2541 966 2613; x_wconf 90' lang='lat' dir='ltr'><strong>tuum,</strong></span> 
     </span>
     <span class='ocr_line' id='line_1_18' title="bbox 272 2660 707 2746; baseline 0.002 -24"><span class='ocrx_word' id='word_1_93' title='bbox 272 2660 317 2723; x_wconf 95' lang='lat' dir='ltr'><strong>ibi</strong></span> <span class='ocrx_word' id='word_1_94' title='bbox 340 2682 493 2746; x_wconf 89' lang='lat' dir='ltr'><strong>apparere</strong></span> <span class='ocrx_word' id='word_1_95' title='bbox 514 2660 550 2724; x_wconf 91' lang='lat' dir='ltr'><strong>in</strong></span> <span class='ocrx_word' id='word_1_96' title='bbox 569 2660 707 2745; x_wconf 87' lang='lat' dir='ltr'><strong>justitia,</strong></span> 
     </span>
     <span class='ocr_line' id='line_1_19' title="bbox 403 2789 713 2873; baseline -0.006 -19"><span class='ocrx_word' id='word_1_97' title='bbox 403 2797 437 2854; x_wconf 89' lang='lat' dir='ltr'><strong>et</strong></span> <span class='ocrx_word' id='word_1_98' title='bbox 461 2789 571 2853; x_wconf 88' lang='lat' dir='ltr'><strong>satiari</strong></span> <span class='ocrx_word' id='word_1_99' title='bbox 594 2789 713 2873; x_wconf 79' lang='lat' dir='ltr'><strong>gloria3</strong></span> 
     </span>
     <span class='ocr_line' id='line_1_20' title="bbox 313 2921 544 3003; baseline -0.017 -18"><span class='ocrx_word' id='word_1_100' title='bbox 313 2921 360 2985; x_wconf 84' lang='lat' dir='ltr'><strong>Te</strong></span> <span class='ocrx_word' id='word_1_101' title='bbox 381 2939 544 3003; x_wconf 86' lang='lat' dir='ltr'><strong>rogamus,</strong></span> 
     </span>
     <span class='ocr_line' id='line_1_21' title="bbox 400 3043 753 3122; baseline -0.006 -14"><span class='ocrx_word' id='word_1_102' title='bbox 400 3043 488 3108; x_wconf 86' lang='lat' dir='ltr'><strong>Audi</strong></span> <span class='ocrx_word' id='word_1_103' title='bbox 510 3064 580 3122; x_wconf 89' lang='lat' dir='ltr'><strong>nos,</strong></span> <span class='ocrx_word' id='word_1_104' title='bbox 604 3043 753 3108; x_wconf 89' lang='lat' dir='ltr'><strong>Domine.</strong></span> 
     </span>
    </p>
   </div>
   <div class='ocr_carea' id='block_1_5' title="bbox 487 3269 936 3334">
    <p class='ocr_par' dir='ltr' id='par_1_5' title="bbox 487 3269 936 3334">
     <span class='ocr_line' id='line_1_22' title="bbox 487 3269 936 3334; baseline -0.004 0"><span class='ocrx_word' id='word_1_105' title='bbox 487 3270 766 3334; x_wconf 79' lang='lat' dir='ltr'><strong>GRATIARUM</strong></span> <span class='ocrx_word' id='word_1_106' title='bbox 789 3269 936 3333; x_wconf 79' lang='lat' dir='ltr'><strong>ACTIO.</strong></span> 
     </span>
    </p>
   </div>
   <div class='ocr_carea' id='block_1_6' title="bbox 183 3422 1237 4384">
    <p class='ocr_par' dir='ltr' id='par_1_6' title="bbox 183 3422 1237 4384">
     <span class='ocr_line' id='line_1_23' title="bbox 186 3422 783 3506; baseline -0.003 -20"><span class='ocrx_word' id='word_1_107' title='bbox 186 3422 438 3486; x_wconf 69' lang='lat' dir='ltr'><strong>Comatam</strong></span> <span class='ocrx_word' id='word_1_108' title='bbox 459 3422 532 3486; x_wconf 80' lang='lat' dir='ltr'><strong>&#39;Pibi</strong></span> <span class='ocrx_word' id='word_1_109' title='bbox 554 3443 659 3506; x_wconf 86' lang='lat' dir='ltr'><strong>opera,</strong></span> <span class='ocrx_word' id='word_1_110' title='bbox 683 3422 783 3499; x_wconf 89' lang='lat' dir='ltr'><strong>Deus,</strong></span> 
     </span>
     <span class='ocr_line' id='line_1_24' title="bbox 227 3545 1148 3631; baseline -0.001 -19"><span class='ocrx_word' id='word_1_111' title='bbox 227 3556 261 3613; x_wconf 91' lang='lat' dir='ltr'><strong>et</strong></span> <span class='ocrx_word' id='word_1_112' title='bbox 285 3549 397 3612; x_wconf 83' lang='lat' dir='ltr'><strong>Sancti</strong></span> <span class='ocrx_word' id='word_1_113' title='bbox 418 3549 481 3612; x_wconf 74' lang='grc' dir='ltr'><strong>Ῥαὶ</strong></span> <span class='ocrx_word' id='word_1_114' title='bbox 501 3549 694 3613; x_wconf 82' lang='lat' dir='ltr'><strong>benedicant</strong></span> <span class='ocrx_word' id='word_1_115' title='bbox 715 3547 797 3612; x_wconf 77' lang='lat' dir='ltr'><strong>Tibi.</strong></span> <span class='ocrx_word' id='word_1_116' title='bbox 849 3547 953 3631; x_wconf 77' lang='lat' dir='ltr'><strong>[Paul.</strong></span> <span class='ocrx_word' id='word_1_117' title='bbox 977 3547 1057 3611; x_wconf 83' lang='lat' dir='ltr'><strong>cxlv.</strong></span> <span class='ocrx_word' id='word_1_118' title='bbox 1082 3545 1148 3629; x_wconf 90' lang='grc'><strong>10.]</strong></span> 
     </span>
     <span class='ocr_line' id='line_1_25' title="bbox 183 3675 724 3753; baseline -0.006 -12"><span class='ocrx_word' id='word_1_119' title='bbox 183 3678 312 3741; x_wconf 90' lang='lat' dir='ltr'><strong>Bonum</strong></span> <span class='ocrx_word' id='word_1_120' title='bbox 334 3682 383 3740; x_wconf 90' lang='lat' dir='ltr'><strong>est</strong></span> <span class='ocrx_word' id='word_1_121' title='bbox 405 3676 551 3739; x_wconf 87' lang='lat' dir='ltr'><strong>confiteri</strong></span> <span class='ocrx_word' id='word_1_122' title='bbox 573 3675 724 3753; x_wconf 89' lang='lat' dir='ltr'><strong>Domino,</strong></span> 
     </span>
     <span class='ocr_line' id='line_1_26' title="bbox 225 3799 1158 3887; baseline -0.004 -21"><span class='ocrx_word' id='word_1_123' title='bbox 225 3811 259 3867; x_wconf 90' lang='lat' dir='ltr'><strong>et</strong></span> <span class='ocrx_word' id='word_1_124' title='bbox 281 3803 415 3887; x_wconf 88' lang='lat' dir='ltr'><strong>psallere</strong></span> <span class='ocrx_word' id='word_1_125' title='bbox 437 3801 562 3865; x_wconf 92' lang='lat' dir='ltr'><strong>nomini</strong></span> <span class='ocrx_word' id='word_1_126' title='bbox 583 3804 663 3881; x_wconf 80' lang='lat' dir='ltr'><strong>Tuo,</strong></span> <span class='ocrx_word' id='word_1_127' title='bbox 688 3801 871 3866; x_wconf 86' lang='lat' dir='ltr'><strong>Altisaime:</strong></span> <span class='ocrx_word' id='word_1_128' title='bbox 916 3800 1005 3862; x_wconf 80' lang='lat' dir='ltr'><strong>Paal.</strong></span> <span class='ocrx_word' id='word_1_129' title='bbox 1029 3799 1102 3863; x_wconf 87' lang='lat' dir='ltr'><strong>xcii.</strong></span> <span class='ocrx_word' id='word_1_130' title='bbox 1127 3801 1158 3862; x_wconf 91' lang='lat'><strong>1.</strong></span> 
     </span>
     <span class='ocr_line' id='line_1_27' title="bbox 183 3925 1046 4004; baseline -0.008 -11"><span class='ocrx_word' id='word_1_131' title='bbox 183 3930 235 3993; x_wconf 87' lang='lat' dir='ltr'><strong>Ad</strong></span> <span class='ocrx_word' id='word_1_132' title='bbox 258 3929 520 3994; x_wconf 87' lang='lat' dir='ltr'><strong>annunciandum</strong></span> <span class='ocrx_word' id='word_1_133' title='bbox 542 3949 637 3992; x_wconf 89' lang='lat' dir='ltr'><strong>mane</strong></span> <span class='ocrx_word' id='word_1_134' title='bbox 660 3925 911 3990; x_wconf 89' lang='lat' dir='ltr'><strong>misericordiam</strong></span> <span class='ocrx_word' id='word_1_135' title='bbox 932 3926 1046 4004; x_wconf 76' lang='lat' dir='ltr'><strong>Tuam,</strong></span> 
     </span>
     <span class='ocr_line' id='line_1_28' title="bbox 226 4054 1005 4139; baseline -0.003 -20"><span class='ocrx_word' id='word_1_136' title='bbox 226 4063 258 4119; x_wconf 91' lang='lat' dir='ltr'><strong>et</strong></span> <span class='ocrx_word' id='word_1_137' title='bbox 280 4057 448 4121; x_wconf 81' lang='lat' dir='ltr'><strong>veritatem</strong></span> <span class='ocrx_word' id='word_1_138' title='bbox 469 4059 572 4121; x_wconf 76' lang='lat' dir='ltr'><strong>Tuam</strong></span> <span class='ocrx_word' id='word_1_139' title='bbox 593 4060 811 4139; x_wconf 89' lang='lat' dir='ltr'><strong>pernoctem.</strong></span> <span class='ocrx_word' id='word_1_140' title='bbox 864 4054 950 4118; x_wconf 81' lang='lat' dir='ltr'><strong>Vera.</strong></span> <span class='ocrx_word' id='word_1_141' title='bbox 974 4056 1005 4117; x_wconf 84' lang='lat'><strong>2.</strong></span> 
     </span>
     <span class='ocr_line' id='line_1_29' title="bbox 183 4179 1237 4260; baseline -0.001 -14"><span class='ocrx_word' id='word_1_142' title='bbox 183 4182 341 4246; x_wconf 84' lang='lat' dir='ltr'><strong>Exultabo</strong></span> <span class='ocrx_word' id='word_1_143' title='bbox 369 4183 424 4260; x_wconf 80' lang='lat' dir='ltr'><strong>Te,</strong></span> <span class='ocrx_word' id='word_1_144' title='bbox 447 4183 537 4246; x_wconf 88' lang='lat' dir='ltr'><strong>Deus</strong></span> <span class='ocrx_word' id='word_1_145' title='bbox 562 4182 617 4258; x_wconf 91' lang='lat' dir='ltr'><strong>mi,</strong></span> <span class='ocrx_word' id='word_1_146' title='bbox 644 4183 723 4260; x_wconf 84' lang='lat' dir='ltr'><strong>Rex,</strong></span> <span class='ocrx_word' id='word_1_147' title='bbox 747 4188 780 4245; x_wconf 87' lang='lat' dir='ltr'><strong>et</strong></span> <span class='ocrx_word' id='word_1_148' title='bbox 806 4179 994 4245; x_wconf 89' lang='lat' dir='ltr'><strong>benedicam</strong></span> <span class='ocrx_word' id='word_1_149' title='bbox 1023 4181 1146 4244; x_wconf 91' lang='lat' dir='ltr'><strong>nomini</strong></span> <span class='ocrx_word' id='word_1_150' title='bbox 1168 4182 1237 4245; x_wconf 77' lang='lat' dir='ltr'><strong>Tuo</strong></span> 
     </span>
     <span class='ocr_line' id='line_1_30' title="bbox 225 4306 1164 4384; baseline -0.002 -14"><span class='ocrx_word' id='word_1_151' title='bbox 225 4308 259 4370; x_wconf 89' lang='lat' dir='ltr'><strong>in</strong></span> <span class='ocrx_word' id='word_1_152' title='bbox 282 4306 445 4384; x_wconf 86' lang='lat' dir='ltr'><strong>saeculum,</strong></span> <span class='ocrx_word' id='word_1_153' title='bbox 468 4313 502 4370; x_wconf 88' lang='lat' dir='ltr'><strong>et</strong></span> <span class='ocrx_word' id='word_1_154' title='bbox 523 4308 557 4371; x_wconf 91' lang='lat' dir='ltr'><strong>in</strong></span> <span class='ocrx_word' id='word_1_155' title='bbox 580 4308 731 4372; x_wconf 76' lang='lat' dir='ltr'><strong>saeculum</strong></span> <span class='ocrx_word' id='word_1_156' title='bbox 754 4308 869 4372; x_wconf 82' lang='lat' dir='ltr'><strong>saeculi.</strong></span> <span class='ocrx_word' id='word_1_157' title='bbox 916 4308 1004 4370; x_wconf 79' lang='lat' dir='ltr'><strong>Paal.</strong></span> <span class='ocrx_word' id='word_1_158' title='bbox 1028 4307 1108 4371; x_wconf 84' lang='lat' dir='ltr'><strong>cxlv.</strong></span> <span class='ocrx_word' id='word_1_159' title='bbox 1135 4309 1164 4369; x_wconf 93' lang='lat' dir='ltr'><strong>l.</strong></span> 
     </span>
    </p>
   </div>
   <div class='ocr_carea' id='block_1_7' title="bbox 0 0 1460 5002">
    <p class='ocr_par' dir='ltr' id='par_1_7' title="bbox 0 0 1460 5002">
     <span class='ocr_line' id='line_1_31' title="bbox 0 0 1460 5002; baseline 0 0"><span class='ocrx_word' id='word_1_160' title='bbox 0 0 1460 5002; x_wconf 95' lang='lat' dir='ltr'><strong> </strong></span> 
     </span>
    </p>
   </div>
  </div>
 </body>
</html>
