2910 5002
275 413 337 476 110
552 409 689 472 ΕΤΧΑΙ
714 406 1051 474 ΚΑΘΗΜΕΡΙΝΑΙ.

362 579 416 645 καὶ
438 577 617 661 συνήδομαι
639 576 726 666 αὐτῷ
747 577 831 644 κατὰ
853 578 908 644 τόν
930 577 995 644 ἔσω
1016 576 1195 666 ἄνθρωπον,

277 708 396 775 Βλέπω
418 706 453 771 δὲ
475 706 583 794 ἕτερον
604 705 701 787 νόμον
721 707 756 771 ἐν
777 709 843 775 τοῖς
863 704 982 788 μέλεσί
1001 730 1071 787 μου,

318 832 644 922 ἀντιστρατευόμενον
665 837 712 920 τῷ
734 832 819 921 νόμῳ
839 836 896 898 τοῦ
918 832 987 901 νοός
1007 859 1079 915 μου,

361 963 415 1029 καὶ
436 960 718 1050 αἰχμαλωτίζοντά
736 986 778 1044 με
799 964 846 1048 τῷ
867 960 953 1045 νόμῳ
975 963 1033 1041 τῆς
1056 958 1223 1046 ὁμορτόος.

447 1090 663 1177 Ταλαίπωρος
684 1089 747 1171 ἐηώ
770 1088 950 1178 ἅνθρωπος,

275 1216 332 1288 Τίς
353 1244 395 1299 με
416 1216 549 1304 ῥύσεται
571 1217 606 1282 ἐκ
628 1220 684 1283 τοῦ
706 1216 855 1298 σώματος
877 1220 933 1282 τοῦ
957 1217 1095 1284 θανάτου
1116 1217 1252 1292 τούτου,·

318 1343 515 1434 Εόχαριστῶ
540 1349 586 1432 τῷ
607 1347 680 1432 Θεῷ
702 1345 757 1410 διὰ
777 1343 885 1424 Ἰησοῦ
907 1347 1065 1432 Χριστοῦ,

263 1472 346 1538 *Ότι
368 1472 449 1539 όπου
471 1471 673 1539 ἐπλεόνασεν
693 1470 713 1552 ἡ
738 1471 888 1558 ἁμαρτία,
912 1470 1225 1559 ὑπερεπερίσσευσεν
1246 1471 1266 1552 ἦ

401 1604 506 1686 χάος·

312 1726 358 1791 Ὠ
382 1725 492 1813 Κύριε,
515 1725 551 1793 τὸ
572 1725 717 1815 χρηστόν
740 1750 801 1790 σου
823 1725 868 1795 εἰς
890 1725 1065 1808 μετάνοιάν
1085 1751 1127 1809 με
1148 1725 1229 1808 όιγει.

360 1853 384 1918 ὦ
413 1851 466 1923 δός
493 1852 550 1936 μοό
575 1879 655 1920 ποτε
679 1853 851 1936 μετάνοιαν
880 1853 925 1923 εἷς
954 1854 991 1919 τὸ
1020 1852 1188 1939 ἁνανῆψαί
1206 1878 1247 1936 με
1270 1854 1305 1919 ἐκ

444 1984 500 2063 τῆς
535 1985 591 2047 τοῦ
626 1981 785 2060 διαβόλου
820 1980 966 2064 παγίδος,
999 1982 1210 2070 ε’ζωηρημὲνον
1238 1981 1292 2048 ὑπ’

445 2106 549 2172 αὑτοῦ.

315 2233 463 2322 Ἀρκετός
483 2260 538 2318 μοι
559 2234 576 2300 ὁ
600 2235 833 2323 παρεληλυθός
855 2236 968 2324 χρόνος
990 2239 1045 2303 τοῦ
1067 2237 1144 2316 βίον

360 2361 397 2427 τό
420 2361 546 2445 θέλημα
566 2365 628 2428 τῶν
651 2362 826 2445 ἐπιθυμιῶν
847 2363 1122 2452 κατεργάσασθαι,

359 2490 561 2578 πορευομένῳ
584 2491 618 2556 ἐν
640 2489 836 2574 όσελιγεόοις,
859 2491 986 2574 κώμοις,
1009 2491 1130 2573 πότοις,

359 2618 413 2686 καὶ
435 2620 470 2684 ἐν
490 2621 591 2702 λοιπῇ
613 2621 670 2701 τῆς
691 2618 833 2689 ἀσωτίας
854 2619 1021 2708 ἀναχόσει.

488 2745 596 2828 Ἀμνὲ,
620 2746 741 2827 όμωμε,
765 2745 819 2810 καὶ
840 2746 976 2824 ἅσπιλε,

317 2873 350 2942 ὃς
373 2872 556 2958 ἕλότρωσός
577 2898 619 2954 με
641 2872 675 2937 ἐν
696 2875 743 2958 τῷ
763 2871 858 2959 τιμίῳ
880 2898 941 2937 σου
965 2871 1085 2954 αἵματι,

361 2999 394 3064 ἐν
416 3003 462 3087 τῷ
483 2999 596 3082 αἵματι
618 2998 704 3086 αὐτῷ
726 2998 863 3078 ἐλέησον
886 2997 940 3063 καὶ
963 2999 1070 3065 σῶσόν
1091 3024 1140 3081 με·
1224 2990 1228 2999 ’

522 3155 528 3165 ·
573 3128 635 3194 Ἔν
656 3153 692 3193 τε
714 3130 760 3216 τῷ
782 3127 904 3211 αἵματι,

488 3253 522 3319 ἔν
543 3280 579 3319 τε
601 3257 648 3341 τῷ
668 3252 802 3336 ὀνόματί
823 3278 883 3318 σου
904 3251 998 3340 αὐτῷ,

359 3381 434 3469 παρ’
457 3381 475 3448 δ
496 3381 553 3448 οὐκ
575 3383 665 3448 ἔστιν
686 3378 793 3469 ἕτερον
813 3381 876 3446 ὑπό
898 3381 952 3447 τόν
974 3380 1106 3469 οὐρανόν

317 3507 482 3591 δεδομένον
503 3509 536 3573 ἐν
558 3507 747 3596 ἀνθρώποις,

404 3636 437 3701 ἐν
459 3635 484 3723 ᾤ
505 3634 553 3701 δεῖ
572 3633 714 3718 σωθῆναι
734 3633 828 3716 ἡμᾶς.

274 3763 317 3829 ‘0
340 3767 432 3842 Θεὸς,
456 3764 498 3830 σὺ
520 3763 616 3849 ἔγνως
638 3763 697 3846 τὴν
718 3762 903 3851 ἀφροσύνην
924 3790 995 3846 μου,

318 3893 371 3958 καὶ
392 3892 617 3976 πλημμέλειαί
635 3919 697 3976 μου
719 3892 784 3958 ἀπὸ
807 3897 866 3958 σοῦ
888 3891 946 3958 οὐκ
968 3889 1212 3981 ἅπειιρύβησαν.

276 4019 386 4106 Κύριε,
410 4021 552 4086 ἐναντίον
574 4047 635 4085 σου
656 4020 791 4102 πᾶσαὴ
816 4019 970 4103 ἐπιθυμία
991 4047 1063 4102 μου,

319 4146 412 4212 καὶὸ
434 4147 610 4231 στεναγμός
630 4174 693 4231 μου
716 4146 781 4213 ἀπὸ
803 4151 863 4213 σοΰ
885 4147 942 4214 οὐκ
964 4147 1143 4236 ἀπεκρόβη.

277 4274 336 4357 Μὴ
358 4275 614 4364 αἰσχυνθείησαν
636 4275 686 4342 ἐπ’
711 4275 766 4359 ε’μὲ
789 4275 821 4342 αι’
842 4275 1051 4360 ὑπομένοντές
