2910 5002
205 453 271 517 374
478 449 649 516 PRECES
674 445 992 518 QUOTIDIANAE

426 622 589 687 Poenitere
611 623 794 707 disponenti
816 631 849 688 et
871 623 1032 709 cupienti3

426 760 563 823 Peccata
584 780 658 823 cum
681 759 896 824 amaritudine
917 759 1120 844 recogitanti,

250 884 345 948 Certe
428 887 499 952 Sibi
519 888 581 973 ipsi
602 888 643 952 de
665 888 803 972 peccatis
825 886 972 952 admissis
992 886 1192 972 indignanti,

427 1015 589 1080 Passionis
611 1016 689 1079 Tuae
712 1014 918 1080 emerissimae
938 1015 1132 1094 recordanti,

599 1143 703 1227 Eique
725 1142 911 1208 edhaerenti.

205 1269 315 1347 Parce,
337 1269 496 1348 Domine;
519 1269 674 1379 propitius
696 1277 774 1334 esto.

247 1398 347 1462 Parce
369 1398 460 1478 mihi,
484 1399 634 1479 Domine,
657 1398 814 1483 propitius
836 1404 926 1476 esto;

290 1525 446 1592 Miserere
467 1527 541 1606 mei,

291 1655 377 1721 Quin
398 1677 465 1720 non
486 1662 536 1720 est
558 1655 685 1720 difficile
706 1656 860 1739 potentiae

398 1806 459 1849 nec
481 1785 633 1849 indecens
652 1784 789 1869 justitiae
915 1787 1001 1850 Tuae

397 1933 458 1978 nec
479 1912 648 1979 insolitum
669 1913 849 1979 clementie

204 2042 270 2106 III.
296 2040 431 2120 Siccine,
454 2048 492 2105 ut
514 2062 573 2125 pro
592 2027 698 2126 'porris
721 2049 754 2106 et
776 2029 859 2106 elliis

354 2171 477 2234 Panem
498 2170 722 2254 Angelorum?

269 2298 395 2363 Siccine
418 2306 456 2362 ut
476 2321 534 2384 pro
556 2320 725 2384 porcorum
748 2299 871 2384 siliquis

353 2428 505 2492 Mensem
526 2427 718 2513 paternam?

269 2557 327 2624 Vae
348 2557 464 2622 misero
484 2556 575 2637 mihi,
597 2578 646 2621 vae
665 2556 850 2622 insensato!

354 2685 436 2751 Quis
457 2706 510 2750 me
531 2684 699 2750 fascinavit

397 2814 446 2879 Ut
468 2815 515 2879 sic
537 2814 738 2898 desiperem?

202 2941 232 3004 Ο
256 2940 282 3004 si
303 2941 354 3005 Tu
375 2939 471 3005 modo
493 2942 633 3024 recipere
655 2940 808 3025 digneris,

246 3069 388 3133 Omnino
410 3069 490 3133 mihi
512 3069 628 3133 reverti
650 3091 742 3134 mens
765 3074 832 3135 est:

288 3198 408 3263 Melius
431 3199 519 3263 enim
541 3198 621 3262 mihi
643 3206 715 3264 tum
736 3198 808 3276 fuit,
832 3203 927 3282 prout
948 3217 1036 3261 nunc
1057 3203 1117 3261 est.

201 3327 302 3423 Totus
323 3347 399 3410 ergo
421 3325 582 3403 confusus,

286 3453 358 3517 Nec
380 3453 496 3536 dignus
517 3454 684 3519 nominare
1143 3444 1145 3448 ⁵

286 3582 358 3648 Nec
379 3582 526 3647 iuvocare
733 3453 906 3798 }Nomen
928 3582 1034 3646 Tuum

284 3712 356 3776 Nec
376 3711 412 3774 in
435 3711 529 3777 corde
551 3712 692 3795 cogitare

329 3841 461 3925 Absque
482 3841 627 3925 ingenita
649 3843 718 3906 Tuo
739 3842 905 3920 bonitet03

199 3971 262 4036 Sed
285 3970 372 4036 enim
393 3970 449 4033 illu
470 3969 581 4049 fretus,

281 4066 438 4181 Supplex,

286 4224 462 4303 Demissus,
505 4096 701 4437 }revertor
722 4224 764 4290 ud
785 4226 830 4291 Te
840 4252 850 4303 ;

286 4357 480 4433 Prostrutus,
