2910 5002
472 444 639 507 PRECES
664 443 979 508 QUOTIDIANAE.
1185 450 1264 511 433-

469 927 769 991 VESPER'PINAE
795 928 976 993 PRECES.

201 1138 286 1202 Paul.
304 1139 425 1201 cxxxiv.
442 1143 473 1202 3.
506 1139 547 1201 ΙΝ
576 1138 725 1201 noctibus
756 1138 899 1202 extollite
929 1159 1043 1202 manus
1071 1148 1191 1203 vestras
1217 1140 1252 1202 in

458 1263 649 1341 sanctuario,
672 1272 705 1327 et
727 1263 906 1328 benedicite
928 1263 1079 1328 Domino.

306 1391 345 1453 lv.
372 1391 421 1456 17.
501 1392 652 1475 Vespere,
675 1411 780 1470 mane,
804 1398 837 1454 et
858 1389 1001 1467 meridie,
1025 1390 1133 1470 orabo,
1156 1391 1252 1474 idque

456 1518 625 1595 instanter,
651 1525 683 1581 et
705 1518 765 1594 Dr,
790 1517 939 1595 Domine,
963 1518 1112 1581 exaudies
1141 1538 1249 1582 vocem

456 1665 571 1707 meam.

309 1772 374 1835 xlii.
400 1773 451 1837 10.
497 1769 547 1834 ·In
568 1771 620 1835 die
639 1772 805 1835 mandavit
825 1773 984 1836 Dominus
1003 1772 1252 1836 misericordiam

460 1920 560 1978 susm,
578 1898 651 1963 ideo
670 1908 765 1963 noete
784 1898 870 1981 apud
885 1919 938 1961 me
953 1898 1122 1962 cantabam
1142 1897 1252 1962 laudes

459 2026 549 2108 Ejus,
572 2035 606 2089 et
628 2025 731 2089 oratio
753 2046 827 2088 mea
848 2025 889 2088 ad
912 2026 1018 2088 Deum
1041 2024 1114 2088 vitae
1136 2045 1225 2089 meae.

309 2151 380 2213 exli.
405 2153 436 2215 2.
505 2151 673 2233 Dirigatur
702 2150 804 2214 oratio
830 2170 902 2213 mea
924 2150 1007 2215 siout
1029 2150 1196 2241 incensum
1218 2151 1252 2212 in

458 2285 631 2360 conspectu
653 2279 744 2354 'Pu03
774 2284 808 2340 et
830 2277 965 2339 elevatio
988 2296 1141 2339 manuum
1165 2297 1251 2340 mea-

459 2426 542 2482 rum,
567 2404 650 2466 sieut
674 2402 864 2467 sacrificium
887 2401 1115 2485 vespertinum.

502 2530 700 2594 Benedictus
719 2531 779 2608 Tu,
803 2528 953 2606 Domine,

545 2659 610 2724 Qui
633 2658 744 2722 creasti
768 2657 852 2722 vices
874 2656 948 2735 diei,
970 2663 1003 2719 et
1111 2723 1115 2731 ,

544 2786 657 2865 noetis,
680 2793 713 2849 et
735 2785 792 2849 das
813 2784 904 2848 lassis
926 2783 1079 2866 requiem,

544 2923 577 2977 et
598 2913 767 2996 languenti
792 2912 944 2975 virtutem
967 2930 1110 2974 renovas.

197 3043 267 3106 Job.
291 3065 382 3106 xxxv.
500 3042 566 3108 Qui
589 3042 646 3105 das
668 3041 812 3104 earmina
834 3038 873 3102 de
896 3047 1000 3116 noete,

200 3173 285 3234 Ptol.
310 3172 370 3233 lxv.
395 3175 424 3233 8.
503 3171 547 3233 Et
569 3170 647 3232 facis
668 3176 705 3231 ut
727 3168 832 3231 exitus
853 3187 975 3230 auroroe

543 3306 577 3361 et
599 3295 736 3378 vesperis
757 3293 891 3358 laudent
912 3294 969 3358 Te,

306 3428 364 3490 xci.
389 3429 418 3489 5.
501 3425 566 3492 Qui
588 3423 730 3488 liberasti
751 3443 811 3486 nos
834 3443 853 3486 a
875 3421 993 3505 sagitta

541 3552 669 3641 volante
691 3549 842 3626 interdiu,
865 3547 906 3612 ab
928 3548 1070 3623 incursu,

541 3689 574 3742 et
596 3701 616 3743 a
638 3678 782 3742 daemone
803 3673 989 3739 meridiano.

199 3811 241 3873 Is.
258 3809 383 3872 xxxviii.
407 3808 457 3870 14.
504 3805 571 3871 Qui
592 3825 659 3868 non
681 3801 863 3887 praecidisti,
888 3798 977 3882 quasi
999 3805 1114 3874 textor,

541 3932 639 3995 vitam
663 3937 817 4003 nostram,
839 3935 873 3991 et
895 3926 936 3989 de
957 3944 1053 3988 mane
1076 3945 1176 4006 usque

541 4078 705 4142 vesperam
727 4051 978 4118 non-abstulisti
999 4072 1067 4114 nos.

305 4190 454 4267 Domine,
478 4190 560 4252 sieut
581 4187 650 4251 dies
673 4204 768 4268 super
790 4182 867 4261 dies,

368 4324 498 4401 peecata
519 4336 613 4398 super
634 4317 765 4397 peecata
786 4309 963 4394 adjicimus.

238 4462 296 4496 aro.
312 4460 405 4495 assera
730 4442 751 4502 3
774 4454 797 4502 x
