2910 5002
432 458 601 522 PRECES
626 456 944 522 QUOTIDIANAE.
1153 456 1213 519 115

556 622 832 686 conservationem

204 691 367 763 Creatore,
400 621 554 964 Prori-{
719 751 725 763 ,
889 621 929 963 }
989 750 995 762 ,
1072 751 1078 762 ,

555 752 826 833 gubernationem
941 772 1092 815 universi.

245 819 387 883 dentiam
410 820 450 884 ad
759 879 765 890 ,

554 886 864 943 consummationem

161 1134 201 1194 In
225 1134 314 1211 lesu,
341 1135 501 1212 Salutem,

225 1260 363 1339 Christo,
388 1261 596 1337 Unctionem,

224 1386 304 1450 Filio
327 1387 505 1470 unigenito,
529 1387 758 1470 Adoptionem,

223 1516 374 1595 Domino,
398 1537 508 1580 curam
531 1517 676 1594 herilem,

159 1661 241 1836 1Πὶ
256 1644 473 1727 conceptione
507 1662 539 1837 }
558 1643 816 1727 purificationem

252 1780 285 1836 et
307 1773 488 1837 Nativitate
686 1771 824 1854 impuras

601 1897 931 2091 {Conceptionis}
952 1963 1070 2020 nostrae

653 2026 842 2092 Nativitatis

202 2155 417 2232 Passionibus,
441 2177 520 2238 quas
543 2177 603 2219 nos
626 2154 780 2238 oportuit,
805 2175 847 2217 ne
869 2175 939 2217 nos.

200 2285 312 2362 Cruce,
336 2283 595 2347 maledictionem
618 2283 715 2366 Legis
785 2281 872 2364 [aaz.
889 2282 934 2345 iii.
953 2283 1019 2365 10.]

205 2413 323 2490 Morte,
348 2412 516 2476 stimulum
539 2411 652 2475 mortis
703 2411 736 2495 [l
759 2411 830 2474 Cor.
846 2434 897 2476 xv.
913 2411 983 2494 56.]
1075 2414 1209 2479 sublata.

201 2540 383 2623 Sepultura,
396 2539 636 2622 corruptionem
646 2539 682 2601 in
697 2539 850 2624 sepulcris
864 2547 1019 2605 aeteruam

200 2669 373 2746 Desoensu,
398 2689 460 2751 quo
483 2688 544 2730 nos
565 2667 717 2750 oportuit,
740 2688 782 2731 ne
804 2688 875 2732 nos.

201 2796 455 2875 Resurrectione,
465 2796 616 2879 primitiae
627 2795 705 2858 sacti
714 2795 955 2860 dormientium.
974 2796 1004 2880 [1
1021 2796 1092 2860 Cor.
1104 2818 1154 2862 xv.
1167 2800 1234 2882 20.]

200 2926 355 3002 Ascensu,
378 2931 416 2987 ut
438 2931 596 3007 praeparet
619 2923 714 2988 nobis
735 2924 853 3002 locum,
904 2924 1011 3007 [Joan.
1028 2925 1091 2988 xiv.
1108 2927 1155 3010 2.]

202 3050 361 3130 Sessione,
385 3059 423 3114 ut
445 3059 597 3133 appareat
619 3057 653 3114 et
675 3050 866 3129 intercedat,
916 3050 1010 3134 [Hel.
1029 3051 1079 3115 vii.
1096 3053 1165 3136 25.]

202 3178 333 3256 Redito,
356 3186 394 3242 ut
417 3200 491 3242 suos
514 3179 554 3242 ad
577 3200 612 3243 se
634 3180 777 3262 recipiat,
828 3179 936 3263 [loun.
959 3180 1021 3244 xiv.
1044 3180 1091 3264 3.]

199 3308 220 3369 J
221 3307 328 3370 udicio
340 3304 381 3369 ad
389 3306 588 3370 reddendum
598 3307 771 3389 unicuique
778 3307 873 3390 juxta
882 3328 979 3390 opera
989 3330 1058 3372 sua.
1072 3309 1172 3392 [Rom.
1181 3310 1213 3375 ii.
1224 3315 1269 3398 6.]

157 3436 197 3499 In
222 3436 343 3519 Spiritu
368 3436 498 3513 Sancto,
522 3435 707 3497 Potentiam
729 3456 769 3498 ex
791 3434 857 3498 alto
913 3435 1005 3519 [Luc.
1022 3437 1105 3501 xxiv.
1121 3439 1191 3522 49]

198 3565 396 3628 extrinsecus
419 3570 452 3626 et
472 3562 684 3641 invisibiliter,
722 3563 1057 3758 }transformantem

198 3695 254 3759 sed
276 3691 454 3765 efficaciter,
478 3699 511 3756 et
533 3692 712 3772 manifeste,
776 3693 816 3756 ad
840 3694 1056 3759 sanctitatem.

155 3825 198 3886 In
220 3822 374 3898 Ecclesia,
399 3841 514 3902 corpus
536 3819 710 3900 mysticum

198 3971 319 4027 eorum,
341 3948 397 4032 qui
419 3969 458 4011 ex
480 3954 550 4010 toto
572 3944 695 4008 mundo
718 3944 821 4008 vocati
843 3951 920 4007 snut

199 4079 239 4142 ad
261 4077 534 4142 conversationem
557 4074 734 4140 secundum
756 4073 864 4152 fidem,
888 4080 920 4137 et
944 4076 1159 4144 sanctitatem.

156 4336 197 4398 In
213 4335 448 4400 Commuuione
466 4335 668 4410 Sanctorum,
687 4332 910 4427 Membrorum
924 4334 1030 4417 ,hujus
1046 4335 1204 4418 Corporis,
