2910 5002
197 440 262 503 350
459 436 631 503 PRECES
659 434 983 504 QUO'PIDIANAE.

631 608 821 689 Douolopia.
843 625 846 633 ’

199 742 242 809 Ei
263 749 382 822 autem,
405 741 461 826 qui
481 747 596 827 potens
618 748 668 806 est
690 742 801 807 omnia
828 741 934 806 facere
956 741 1263 826 superabundanter

200 872 214 927 .“
286 868 385 956 quam
405 863 544 955 petimus
566 879 622 934 aut
651 858 880 955 intelligimus‘
897 855 1076 936 seeundum
1100 872 1262 938 virtutem

287 1020 358 1083 quae
380 1004 529 1082 operatur
550 997 586 1060 in
607 997 712 1075 nobis,
843 1030 846 1039 ·

200 1127 270 1212 lpsi
291 1127 393 1210 gloria
412 1126 449 1190 in
470 1125 614 1191 Ecclesia
643 1132 676 1189 et
697 1126 733 1188 in
763 1125 904 1205 Christo,
926 1124 964 1189 in
985 1146 1098 1191 omnes
1120 1112 1263 1210 genera}

198 1304 202 1313 .
287 1251 533 1316 tiones‘saeonla
553 1251 751 1315 saeculorum.
800 1251 895 1335 [pr
918 1249 963 1314 iii
987 1254 1041 1332 20,
1063 1253 1132 1338 21.]

203 1379 294 1444 Siout
316 1378 408 1463 adipe
423 1385 456 1444 et
470 1379 668 1464 pinguedine
683 1378 859 1462 replebitur
875 1378 985 1443 anima
998 1367 1072 1445 mea
1080 1369 1101 1460 ς’
1114 1387 1148 1446 et
1161 1380 1260 1447 labiis

288 1506 511 1572 exsultationis
531 1499 682 1571 laudabit
699 1527 736 1571 os
756 1526 877 1571 meum.
924 1506 1026 1591 [Psat
1049 1494 1196 1592 1111111]

567 1755 665 1819 Pater
686 1760 807 1834 noster,

533 1883 655 1951 Quies
677 1885 713 1948 in
735 1884 838 1964 coelis,

225 2009 255 2074 1.
280 2006 507 2075 Sanctificetur
727 2011 883 2083 Nomen
993 2045 994 2049 =

202 2094 205 2100 ·
894 2029 928 2204 }
946 2079 1061 2191 Tuum.

222 2141 253 2202 2.
277 2137 399 2203 Veniat
429 2146 431 2150 ‘
728 2141 881 2222 Regnum
1017 2175 1019 2179 ·

224 2269 255 2331 3.
280 2266 354 2330 Fiat
417 2311 423 2315 -
565 2319 568 2327 1
706 2266 892 2331 .Voluntas
914 2267 994 2346 Tua,

551 2392 642 2458 Sicut
663 2394 701 2458 in
722 2393 804 2459 ooelo

549 2521 649 2586 sio'et
670 2521 706 2585 in
727 2528 825 2587 terra.
873 2564 875 2569 «

223 2651 256 2713 4.
279 2649 332 2712 Da
352 2647 446 2714 nobis
467 2648 563 2713 hodie
731 2648 855 2714 Panem
863 2656 1012 2715 nostrum
1023 2651 1260 2736 quotidianum,

224 2776 254 2838 5.
278 2776 323 2839 Et
345 2775 472 2840 dimitte
493 2775 586 2840 nobis
731 2777 852 2842 Debita
872 2771 994 2859 nostrai

501 2958 503 2963 .
577 2903 668 2968 Sicut
690 2912 723 2969 et
744 2928 804 2970 nos
866 2927 869 2933 ·

593 3029 786 3096 dimittimus
815 3083 817 3087 .
855 3062 857 3067 >

506 3156 717 3224 Debitoribus
740 3161 868 3240 nostris,
913 3205 916 3209 -

225 3287 255 3349 6.
280 3286 324 3350 Et
345 3305 387 3349 ne
408 3305 469 3348 nos
491 3284 624 3350 inducas
645 3287 681 3350 in
702 3283 927 3368 tentationem,

203 3414 256 3485 7.
281 3411 346 3477 Sed
367 3411 469 3477 libera
490 3433 550 3476 nos
572 3435 592 3476 a
613 3413 707 3477 malo.

453 3539 538 3608 Quia
559 3542 667 3605 Tuum
689 3547 741 3605 est
763 3563 910 3626 regnum,

525 3669 672 3753 potentia
691 3674 726 3733 et
748 3670 858 3754 gloma,

489 3800 524 3864 in
546 3802 662 3866 saecula
684 3802 882 3867 saeculorum.

629 3928 745 3992 Amen.
