2910 5002
198 420 264 485 482
471 412 984 483 PRucusoUOTIDIANAE

199 590 284 654 Pau
308 586 367 653 xci.
391 589 422 651 ὅ.
502 585 601 648 Servs,
626 606 686 650 nos
708 608 727 650 s
749 585 867 669 sagitta
887 586 1016 651 volente
1037 585 1190 666 interdiu,
1214 588 1256 652 ab

456 713 599 791 incursu,
622 719 655 777 et
677 735 697 777 e
718 714 863 778 daemone
885 714 1072 780 meridiano.

375 839 436 926 [3.]
488 839 619 904 ¹Libens
637 861 697 904 nos
712 861 730 903 n
745 860 844 905 manu
863 842 1060 922 venantium,
1076 851 1110 907 et
1124 866 1144 908 s
1156 844 1258 910 verbo

459 986 578 1049 aspero,
601 965 765 1030 amolitis
786 966 850 1032 diei
870 967 979 1052 hujus.

202 1098 292 1183 [Luc.
309 1096 371 1161 xix.
386 1093 432 1178 9.]
502 1093 610 1158 Hodie
632 1093 674 1158 sit
696 1093 781 1158 salus
803 1100 837 1158 et
858 1116 919 1178 pax
941 1094 1052 1160 domui
1073 1095 1159 1162 huic.

201 1225 289 1288 Psul.
305 1223 402 1288 cxliii.
418 1222 449 1286 8.
503 1219 660 1286 Auditum
687 1219 739 1284 fue
760 1220 841 1286 mihi
867 1220 1116 1288 miserioordium
1138 1225 1254 1305 Tum,

459 1348 534 1432 quis
554 1347 589 1411 in
612 1348 658 1412 'Pe
679 1349 810 1432 meravi.

384 1479 417 1541 9.
505 1475 630 1540 Notum
650 1474 701 1541 sse
723 1475 803 1540 mihi
824 1475 909 1540 vium
937 1475 973 1540 in
995 1497 1059 1560 quo
1080 1477 1254 1560 ambulem,

461 1603 536 1688 quis
557 1601 598 1668 ud
619 1603 665 1667 'Pe
682 1602 800 1671 attollo
821 1603 963 1668 animm
984 1625 1099 1671 meam.

365 1729 417 1793 10.
504 1729 603 1812 Eripe
624 1748 687 1806 me,
710 1728 859 1808 Domine,
882 1729 923 1794 de
944 1729 1084 1796 inimicis
1105 1732 1195 1812 meis,
1211 1733 1254 1796 nd

458 1855 505 1918 'Pe
526 1854 614 1919 enim
635 1853 796 1937 confugio.

365 1981 415 2044 11.
505 1981 635 2045 Instrue
656 2001 710 2046 me
738 1981 853 2059 fucere,
876 2003 947 2066 quae
975 1983 1094 2067 placitu
1117 1991 1192 2048 sunt
1214 1984 1251 2048 in

459 2114 633 2193 conspectu
653 2110 733 2188 Tuo,
757 2110 832 2194 quis
855 2111 944 2175 Deus
965 2131 1057 2175 meus
1079 2132 1114 2175 es
1135 2112 1193 2176 Tu.

365 2235 416 2299 12.
506 2234 646 2318 Spiritus
681 2236 769 2300 Tuus
805 2235 909 2300 bonus
950 2236 1088 2302 deducet
1123 2257 1176 2302 me
1219 2237 1255 2300 in

460 2369 579 2427 terrum
601 2368 733 2426 rectum.

244 2551 245 2555 ,
291 2509 340 2552 xe
366 2489 416 2553 16.
506 2489 641 2574 Respice
658 2489 694 2555 in
715 2510 820 2555 servos
839 2491 934 2570 Tuos,
958 2497 991 2554 et
1011 2491 1046 2554 in
1060 2512 1156 2574 opem
1169 2491 1255 2575 ipso·
1386 2540 1389 2547 .

460 2639 544 2698 rm,
564 2624 598 2684 et
618 2618 661 2683 sit
682 2619 786 2702 gretia
808 2639 844 2682 se
865 2618 1015 2703 splendor
1037 2618 1169 2684 Domini
1191 2619 1256 2684 Dei

459 2744 564 2809 nostri
584 2765 680 2828 snper
701 2765 769 2808 nos.

504 2872 549 2935 Et
563 2893 659 2955 opero
672 2893 828 2936 munuum
846 2878 1028 2936 nostrerum
1044 2869 1146 2953 dirige
1160 2889 1256 2952 super

461 3018 542 3076 nos3
564 3004 598 3062 et
618 3019 716 3082 opera
735 3019 891 3063 manuum
913 3003 1096 3062 nostrorum
1119 2995 1232 3079 dirige.

247 3184 250 3191 .
270 3123 356 3208 [exli.
371 3115 418 3211 3.]
506 3125 604 3204 Pone,
616 3125 765 3206 Domine,
781 3125 960 3191 custodiam
974 3124 1023 3189 ori
1038 3145 1120 3203 meo,
1135 3122 1256 3186 ostium

461 3253 709 3319 circumstantie
730 3254 823 3318 labiis
844 3254 933 3319 meis.

209 3380 273 3443 001.
296 3379 336 3443 iv.
360 3382 390 3444 6.
511 3383 623 3446 Sermo
637 3403 730 3447 meus
744 3382 786 3445 sit
804 3382 840 3445 in
855 3383 958 3465 grstia
973 3382 1041 3445 sale
1053 3401 1255 3464 conspersus,

460 3513 499 3571 ut
528 3507 627 3571 sciam
657 3507 816 3590 quomodo
837 3513 983 3591 oportent
1008 3506 1182 3589 unicuique
1202 3527 1257 3570 re·

463 3634 627 3720 spondere.

137 3828 140 3835 ,
211 3760 480 3850 [Psul.xix.14.]
506 3763 735 3847 Complsoesnt
759 3762 918 3846 colloquia
942 3761 1006 3826 oris
1030 3762 1106 3840 mei,
1131 3767 1165 3824 et
1188 3781 1256 3824 me·

464 3889 578 3953 ditatio
613 3889 718 3955 eordis
750 3888 786 3953 in
816 3897 989 3973 conspeetu
1017 3889 1088 3953 'Puo
1120 3906 1255 3970 semper,

465 4014 614 4095 Domine,
638 4016 834 4100 Redemptor
855 4036 956 4080 meus.

198 4202 200 4206 ⁴
274 4138 372 4222 [cxxi.
389 4139 436 4224 8.]
510 4141 670 4207 Dominus
699 4141 858 4207 custodiet
888 4141 1010 4206 exitum
1032 4146 1066 4206 et
1086 4138 1257 4204 introitum

461 4275 609 4333 nostrum
634 4289 671 4333 ex
694 4269 757 4335 hoe
779 4270 869 4335 etin
891 4268 1050 4334 saeculum.
1097 4268 1212 4331 Amen.
