2910 5002
472 436 643 501 Paucas
669 435 985 501 QUOTIDIANAE.
1194 438 1254 502 161

202 604 331 668 Memor
354 611 422 669 esto
444 607 532 671 verbi
555 608 604 669 tui
628 628 720 671 servo
742 615 810 685 tuo,

286 730 322 792 in
345 752 408 813 quo
430 732 511 795 mihi
533 754 622 816 spem
645 733 772 796 dedisti.
819 734 908 795 Paul.
933 731 1016 797 cxix.
1043 732 1123 817 [49.]

108 855 112 861 ’
201 857 329 922 Defecit
350 859 385 922 in
408 860 547 924 salutare
569 868 664 923 tuum
686 860 794 923 anima
815 880 895 938 mea,
1002 927 1005 931 ,

288 993 320 1048 et
342 987 376 1049 in
398 987 495 1051 verbo
517 993 575 1051 tuo
597 988 825 1070 supersperavi.
874 987 990 1070 [Vera]
1014 989 1068 1053 81.

199 1237 262 1300 Pro
283 1257 436 1320 prospera
457 1238 668 1320 expeditione,
691 1246 725 1301 et
747 1222 1004 1305 corroboratione

254 1395 260 1405 ·
330 1363 435 1428 omnis
457 1364 614 1428 exereitus
636 1364 823 1442 Christiani,

244 1489 396 1556 adversus
416 1492 526 1556 hostes
550 1493 758 1557 sanctissimae
780 1500 899 1557 nostrae
922 1493 1023 1556 Fidei.

201 1619 264 1683 Pro
288 1621 347 1682 SS.
371 1620 520 1684 Patribus
541 1622 671 1700 uostris,

287 1753 321 1810 et
344 1747 434 1812 omni
456 1749 491 1811 iu
513 1749 643 1817 Christo
664 1749 867 1813 fraternitate
890 1753 1013 1811 nostra.

201 1871 266 1937 Pro
288 1873 362 1938 odio
384 1874 590 1953 habentibus,
613 1882 647 1938 et
669 1874 877 1958 diligentibus
898 1896 968 1939 nos.

201 2001 264 2065 Pro
286 1999 425 2064 misertis
448 2000 561 2079 nostri,
583 2008 617 2065 et
639 2002 917 2086 suppeditantibus
939 2000 1119 2066 necessaria
1139 1998 1245 2066 nobis.

201 2127 264 2191 Pro
285 2127 325 2190 iis
348 2149 485 2225 quorum
506 2128 706 2226 mentionem
728 2129 764 2191 in
786 2129 986 2193 orationibus
1008 2127 1128 2192 nostris

286 2257 405 2322 habere
426 2257 642 2341 promisimus.

202 2385 265 2448 Pro
287 2366 476 2448 liberatione
500 2383 716 2466 Captivorum.

203 2512 266 2576 Pro
288 2510 476 2576 absentibus
498 2511 648 2586 Patribus
672 2518 705 2576 et
727 2509 893 2575 Fratribus
914 2510 1043 2575 nostris.

204 2640 267 2703 Pro
287 2637 525 2722 Navigantibus
539 2639 582 2713 in
604 2637 704 2702 Mari.

202 2766 266 2829 Pro
288 2765 558 2830 decumbentibus
578 2787 645 2849 prae
666 2765 865 2828 infirmitate.

150 2882 154 2889 ⁵
203 2895 340 2958 Oremus
362 2894 460 2957 etiam
482 2916 541 2977 pro
561 2893 729 2958 fertilitate
750 2893 883 2976 frugum
905 2896 1009 2969 terrae,

246 3027 279 3084 et
300 3041 359 3104 pro
381 3019 470 3084 omni
492 3019 599 3084 anima
621 3020 877 3096 Christianorum
900 3015 1170 3083 orthodoxorum.

203 3149 410 3215 Celebremus
431 3149 500 3233 pios
524 3150 637 3232 Reges,

290 3277 495 3343 Ortbodoxos
517 3276 684 3353 Praesules,
715 3354 718 3359 ἢ

204 3405 394 3470 Conditores
416 3405 513 3488 hujus
536 3411 654 3468 sanctae
676 3400 896 3480 habitationis,

289 3534 443 3596 Parentes
464 3537 601 3609 nostros,

203 3644 247 3708 Et
269 3664 380 3708 omnes
402 3641 570 3706 defunctos
593 3643 728 3726 majores

289 3777 323 3834 et
344 3770 473 3833 Fratres
495 3774 633 3859 nostros.

381 4025 431 4088 Sit
454 4044 580 4108 semper
603 4022 692 4100 mihi,
717 4019 868 4097 Domine,

203 4159 325 4222 Manus
347 4160 405 4219 tua
425 4160 540 4255 potens

290 4285 325 4346 in
347 4283 589 4367 protectionem,

248 4416 306 4451 artu.
324 4416 422 4452 ramus.
