2910 5002
418 477 588 541 PRECES
612 476 930 544 QUOTIDIANAE.
1148 481 1213 542 283

158 640 211 705 Ab
234 640 439 706 infestatione
461 643 664 721 Daemonum,

159 772 188 831 A
212 769 328 852 spiritu
349 768 581 847 fornicationis,

159 895 211 960 Ab
234 896 380 980 appetitu
401 897 507 963 inanis
530 897 650 981 gloriae,

158 1022 211 1086 Ab
234 1024 323 1087 omui
344 1024 552 1089 immunditia
573 1026 690 1091 mentia
711 1034 744 1090 et
766 1026 916 1110 corporis,
966 1026 1001 1110 [2
1015 1027 1084 1090 Gor.
1098 1026 1150 1091 vii.
1162 1026 1208 1109 1.]

159 1149 211 1214 Ab
233 1149 283 1213 ira
303 1160 336 1214 ct
358 1152 443 1214 mula
464 1151 639 1230 voluntate,

159 1277 211 1342 Ab
233 1278 361 1343 infectis
383 1279 641 1363 cogitationibus,

159 1408 190 1469 A
212 1409 356 1473 caecitate
377 1408 491 1473 cordis.

248 1658 314 1727 Qui
334 1659 445 1723 dixisti
466 1658 593 1742 Angclo
615 1660 685 1723 Tuo
706 1659 908 1742 percutienti,

291 1787 426 1865 Sufficit,
441 1807 530 1850 nunc
544 1787 675 1850 contine
688 1807 821 1851 manum
835 1787 948 1863 utum,
993 1785 1027 1868 [2
1040 1787 1126 1850 dum.
1137 1783 1220 1848 xxiv.
1239 1777 1305 1862 16.]

249 1913 512 1979 lucrationibus
534 1919 566 1978 et
588 1912 681 1993 votis,

248 2043 420 2126 Angustiia
442 2051 476 2107 ct
497 2041 656 2126 periculis,

249 2165 499 2229 Infirmitatibua
521 2173 554 2229 ct
576 2163 830 2242 necessitatibus,

249 2293 495 2359 Tentationibua
516 2301 550 2356 ct
571 2290 844 2369 tribulationibus,

164 2427 598 2511 Repellecoucupiaccntiam
610 2426 703 2510 gulae,
842 2425 1007 2490 Virtutem
1019 2427 1231 2507 abstinentia,

164 2556 255 2638 Fuga
270 2553 418 2637 spiritum
431 2553 664 2632 fornicationis,
748 2553 801 2618 Da
843 2553 998 2618 Amorem
1020 2554 1188 2635 castitatis,

164 2681 325 2764 Extinguc
339 2680 453 2744 mundi
467 2680 687 2764 cupiditatem,
846 2679 985 2764 Spiritum
999 2688 1230 2765 paupertatem,

165 2806 288 2871 Cohibe
308 2807 504 2891 praecipitem
525 2805 652 2871 iracun-
696 2806 848 2872 Accendc
878 2804 916 2870 in
946 2827 1000 2871 mc
1035 2816 1225 2873 mansuetu·

208 2934 305 3013 diam,
743 2934 862 3014 dinem,

164 3067 253 3130 'Polla
275 3067 442 3130 tristitiam
465 3066 584 3146 saeculi,
693 3067 790 3150 Auge
810 3065 964 3150 gaudium
987 3065 1163 3149 spirituale,

164 3195 296 3277 Repellc
313 3194 504 3279 jactantiam
525 3193 655 3273 mentis,
691 3193 810 3259 Tribue
831 3193 1111 3277 compunctionem
1133 3193 1247 3274 cordia,

272 3323 371 3387 robur
392 3323 478 3402 fidei,

164 3452 216 3515 Da
232 3321 476 3663 {securitatem
498 3449 576 3533 spei,

273 3577 408 3642 tutelam
429 3577 551 3655 salutis,

337 3703 390 3766 Da
411 3703 526 3766 muudi
548 3711 778 3788 contemptum.

165 3953 342 4048 Intrabunt
362 3953 398 4018 in
419 3954 584 4038 gaudium,
628 3954 726 4016 Man.
742 3972 814 4016 xxv.
830 3953 883 4014 21.

209 4079 362 4164 gaudium
382 4081 524 4163 plenum,
567 4078 618 4145 Jc.
634 4080 697 4145 xvi.
712 4081 766 4144 24.

253 4205 405 4288 gaudium
429 4207 515 4289 quod
536 4228 603 4271 non
623 4206 765 4285 tolletm,
818 4207 903 4270 Vm.
919 4202 974 4265 22.

168 4331 199 4394 Α
221 4331 350 4410 dextris,
401 4332 513 4414 [Mau.
528 4353 600 4396 xxv.
617 4331 686 4414 34]
