2910 5002
196 428 262 493 lto
467 421 638 486 Paucas
664 418 984 486 QUOTIDIANAE.

503 589 600 656 Quod
636 590 664 652 si
692 587 742 654 vel
779 595 851 653 tum
884 593 1056 670 quaeratur,
1086 607 1162 652 enm
1201 582 1264 648 sub

458 736 552 781 eruce
566 737 690 795 sumus,
706 722 778 781 tum
797 714 896 780 etiam
915 736 983 779 non
1003 721 1131 780 amovet
1139 731 1263 797 ·preees

461 847 589 907 nostras
619 863 639 906 a
665 842 718 921 Se,
743 861 804 905 nee
834 840 1085 905 misericordiam
1122 859 1213 903 suam
1244 858 1265 898 a

462 967 565 1033 nobis

211 1222 255 1295 b.
280 1222 386 1287 Venia
407 1243 474 1286 non
495 1222 603 1300 modo,

295 1416 298 1421 .
421 1349 477 1414 sed
498 1356 532 1414 at
553 1349 691 1434 proflua

206 1476 326 1541 2Sam.
343 1475 408 1542 xiii.
426 1481 476 1542 10.
508 1478 557 1542 Ut
579 1477 686 1542 David
706 1499 765 1542 sua
786 1483 900 1562 sponte
920 1476 1048 1541 reduxit

350 1604 411 1668 xiv.
427 1607 480 1669 24.
509 1604 664 1683 Absalon,
695 1604 752 1670 sed
781 1605 886 1690 primo
914 1627 957 1669 ne
986 1604 1109 1669 videret
1138 1603 1265 1680 faciem,

552 1733 685 1797 tandem
707 1733 838 1798 admisit
860 1733 901 1798 ad
923 1733 1078 1799 osculum.

207 1852 285 1923 Lite.
308 1877 358 1925 xv.
382 1859 435 1924 22.
480 1860 529 1923 Ut
543 1867 635 1943 pater
653 1861 721 1925 filio
738 1882 880 1944 nequam
901 1861 1059 1926 redeunte
1080 1857 1266 1924 non'modo

381 1984 514 2069 ignovit,
539 1985 596 2051 sed
620 1993 653 2048 et
678 1985 792 2049 stolum
817 1987 954 2070 primam
981 1995 1014 2050 et
1039 1984 1209 2062 annulum,
1232 1991 1267 2047 et

374 2110 519 2185 ‚vitulum
542 2109 725 2193 saginatum
746 2111 944 2194 praeparavit.

310 2257 361 2299 xv.
385 2240 416 2302 7.
440 2237 605 2301 Gaudium
634 2245 668 2301 et
688 2236 890 2320 triumphum
919 2258 988 2302 esse
1018 2237 1088 2300 vult
1115 2236 1153 2300 in
1178 2234 1268 2300 eoelis

382 2384 484 2447 super.
499 2373 699 2448 peecatorem
721 2365 949 2449 poenitentiam
972 2372 1133 2449 agentem.

384 2491 499 2576 Neque
520 2493 648 2557 minuta
670 2493 765 2558 modo
787 2503 903 2573 errata,

387 2618 451 2684 Sed
473 2626 506 2683 et
528 2620 637 2703 gravia
660 2621 787 2687 scelera

210 2746 277 2810 der.
300 2747 344 2811 iii.
370 2750 399 2811 1.
445 2747 553 2830 Vulgo
576 2748 693 2828 dicitis,
719 2750 753 2812 Si
776 2748 935 2813 dimiserit
949 2749 997 2813 vir
1018 2767 1151 2812 uxorem
1165 2767 1269 2826 suam,

384 2883 418 2942 et
458 2877 611 2942 recedens
656 2878 696 2942 ab
735 2899 774 2942 eo
807 2877 934 2942 duxerit
971 2877 1076 2945 virum
1109 2876 1269 2952 alterum,

385 3002 544 3089 numquid
573 3005 697 3090 polluta
736 3014 769 3070 et
802 3006 1022 3071 contaminata
1058 3005 1120 3069 erit
1152 3004 1270 3068 mulier

385 3130 464 3196 illa?
509 3134 688 3218 Nunquam
709 3139 888 3199 revertetur
909 3133 1046 3198 adeum
1066 3133 1174 3197 ultra?
1219 3133 1270 3196 'lu

384 3269 494 3325 autem
514 3261 673 3327 fornicata
694 3284 769 3328 eum
792 3262 989 3327 amatoribus
1011 3261 1135 3340 multis,
1158 3268 1270 3324 tamen

384 3397 544 3455 revertere
566 3392 607 3455 ad
630 3392 697 3470 Me,
721 3392 799 3456 dicit
822 3389 993 3456 Dominus.

214 3518 288 3583 Act.
304 3518 350 3582 iii.
368 3519 482 3597 15,19.
518 3519 593 3585 Qua
607 3526 641 3582 et
664 3518 828 3602 discipulis
851 3518 1083 3596 deserentibus,
1100 3518 1198 3583 Petro
1212 3514 1270 3585 ab·

383 3646 518 3730 juranti,
542 3645 661 3709 latroni
684 3645 933 3729 blasphemanti,
958 3654 992 3710 et
1015 3644 1138 3710 ludaeis
1168 3642 1272 3707 cruci-

387 3775 573 3858 figentibus,
595 3774 745 3840 indulsit.

214 3901 290 3965 Late.
314 3901 354 3965 vi.
378 3904 431 3965 35.
477 3903 645 3985 Benignus
667 3911 716 3967 est
739 3924 835 3987 super
856 3903 1001 3986 ingratos
1023 3910 1056 3966 et
1079 3901 1189 3966 malos.

236 4154 265 4216 6.
290 4152 406 4236 Neque
428 4153 553 4218 veniam
578 4155 683 4234 mode,
707 4155 763 4220 sed

345 4284 378 4341 et
400 4279 535 4360 gratiam
