2910 5002
432 449 602 516 Peuces
627 450 945 516 QUOTIDIANAE.
1171 456 1209 519 ll

201 623 320 705 Neque
342 621 376 685 in
399 621 449 685 ira
470 630 528 684 tua
549 622 702 705 corripias
724 644 787 688 me.
831 624 921 689 Psal.
944 623 986 689 vi.
1011 626 1039 689 1.·

155 747 246 827 Dixi,
269 747 458 813 confitebor
479 747 648 814 adversum
669 770 723 813 me

199 875 402 960 Injnstitiam
424 897 531 940 meam
553 875 705 954 Domino,
727 882 763 938 et

199 1001 249 1064 'Pu
269 1001 422 1065 remisisti
442 1001 643 1085 impietatem
662 1000 770 1065 cordis
792 1001 868 1065 mei.
912 1001 1001 1068 Psal.
1024 1003 1123 1071 xxxii.
1144 1005 1177 1067 e.

154 1129 306 1206 Domine,
328 1136 405 1192 ante
426 1136 461 1192 te
483 1149 579 1192 omne
602 1128 796 1193 desiderium
819 1150 939 1208 meum,

197 1257 242 1320 Et
256 1257 398 1340 gemitus
411 1278 502 1321 meus
519 1264 582 1320 ata
591 1278 658 1320 nou
672 1264 723 1321 est
738 1256 954 1321 absoonditus.
978 1257 1030 1322 Pa.
1042 1259 1211 1322 xxxviiii).

155 1384 312 1448 Miserere
340 1384 414 1461 mei,
446 1384 545 1460 Deus,
573 1383 752 1447 secundum
782 1406 934 1467 magnam
964 1387 1212 1452 misericordiam

242 1523 343 1589 tuam,

198 1641 242 1704 Et
264 1639 440 1703 seeundum
463 1639 704 1703 multitudinem
727 1639 970 1704 miserationum
992 1647 1124 1705 tuarum

198 1767 280 1831 Dele
301 1767 506 1849 iniquitatem
528 1787 644 1829 meam.
691 1767 778 1828 Psol.
801 1767 834 1830 li.
862 1771 891 1833 1.

153 1897 204 1960 Tu
226 1916 400 1978 exsurgens
422 1893 620 1958 misereberis
644 1895 717 1970 mei,
741 1895 891 1973 Domine,

201 2020 286 2087 Quia
307 2029 436 2104 tempus
456 2022 522 2084 mei
544 2020 728 2098 miserendi,

285 2149 370 2215 Quia
391 2150 480 2212 venit
502 2156 640 2232 tempus.
685 2150 774 2212 Psal.
797 2149 849 2211 cii.
876 2151 926 2213 13.

154 2278 191 2342 Si
211 2277 401 2361 iniquitates
422 2276 649 2354 observaveris,
674 2277 827 2355 Domine,

240 2406 390 2480 Domine,
413 2405 484 2487 quis
507 2404 703 2468 sustinebit?
749 2405 837 2466 Psol.
862 2425 951 2468 cxxx.
975 2405 1028 2466 30.

152 2534 231 2598 Non
252 2533 353 2597 intres
374 2533 409 2594 in
428 2532 585 2614 judicium
607 2554 681 2595 cum
704 2553 794 2596 servo
816 2539 884 2609 tuo,

199 2660 283 2725 Quia
304 2681 370 2723 non
389 2659 620 2740 justificabitur
642 2660 677 2721 iu
692 2666 866 2745 conspeetu
887 2666 944 2721 tuo
959 2658 1065 2722 omnis
1083 2658 1200 2722 vivens.

283 2786 371 2847 Psoi.
395 2784 490 2847 cxliii.
514 2788 545 2847 2.

240 3039 364 3103 Attollo
386 3061 501 3103 manus
524 3060 611 3101 meas

284 3165 339 3228 Ad
360 3167 514 3230 mandata
536 3174 603 3242 tua,
627 3188 698 3249 quae
721 3166 827 3236 dilexi.
873 3167 962 3229 Paol.
985 3166 1066 3229 cxix.
1089 3170 1144 3231 48.

154 3294 273 3357 Revela
297 3293 407 3357 oeulos
428 3315 528 3369 meos,
552 3303 585 3357 et
606 3293 794 3375 intelligam.
847 3294 931 3358 Vere.
957 3295 1007 3363 18.

153 3420 282 3485 Inclina
303 3442 358 3484 eor
379 3443 498 3500 meum,
522 3429 555 3484 et
577 3421 720 3503 diligam.
772 3422 857 3483 Vere.
881 3424 934 3485 36.

153 3547 267 3630 Dirige
290 3556 417 3630 'gressus
439 3570 537 3626 meos,
560 3555 593 3610 et
615 3546 761 3612 incedam

241 3677 283 3740 In
304 3676 357 3739 via
377 3651 604 3741 mandatorum
627 3683 769 3745 tuorum.
821 3675 906 3736 Vera.
932 3676 1005 3738 133.

197 3801 338 3865 Domine
360 3802 460 3878 Dens,
484 3809 553 3866 esto
575 3809 613 3865 tu
635 3801 716 3865 mibi
738 3801 838 3878 Dens,

240 3930 343 3992 Extra
364 3936 397 3991 te
420 3936 528 3992 autem
551 3950 592 3992 ne
615 3929 657 3991 sit
681 3928 759 3992 mihi
782 3927 883 4003 alins;
935 3924 993 4009 [Is.
1016 3924 1097 3989 xxvi.
1123 3924 1190 4006 13.]

284 4055 391 4118 Nemo
414 4054 504 4130 elius,
528 4054 610 4117 nihil
632 4053 720 4116 aliud
742 4061 861 4117 tecum.
898 4051 1003 4135 [Psal.
1019 4048 1118 4113 lxxiii.
1135 4047 1203 4129 25.]

153 4180 206 4244 Da
227 4179 307 4242 mihi
330 4179 461 4244 adorare
484 4188 527 4258 te,
551 4189 584 4243 et
607 4181 726 4245 servire
749 4179 819 4258 tibi,

199 4307 239 4369 In
261 4308 404 4373 veritatis
426 4309 549 4391 spiritu,
573 4309 645 4397 [lo.
669 4309 710 4377 iv.
733 4310 787 4371 24.

197 4449 255 4484 sno.
275 4450 370 4486 rursus.
842 4449 862 4493 ρ
