2910 5002
446 443 619 508 PRECES
643 444 963 511 QUOTIDIANAE.
1170 450 1232 517 171

175 612 247 676 Neo
269 610 347 676 stari
369 619 476 696 potest
498 634 605 676 eoram
628 621 662 677 te

262 760 357 822 super
378 739 449 803 hoo.
492 741 574 804 Err.
597 741 642 804 ix.
664 746 696 819 6,
721 745 751 805 7.
777 743 828 804 15.

175 996 307 1060 Pecoavi
329 1018 425 1080 super
446 1019 618 1060 numerum
641 1019 748 1061 arenae
770 999 878 1077 maris,

261 1123 482 1206 multiplicatae
503 1131 580 1186 sunt
601 1123 792 1208 iniquitates
814 1146 903 1204 rneae,

217 1258 251 1314 et
273 1271 340 1316 non
362 1273 434 1315 sum
457 1251 574 1333 dignus
596 1252 727 1331 intueri,
751 1261 785 1317 et

303 1379 444 1464 aspicere
466 1379 672 1444 altitudinem
694 1381 777 1459 eoeli,

215 1527 282 1590 prae
303 1507 513 1572 multitudine
535 1507 744 1590 iniquitatum
769 1531 925 1588 mearum,

260 1640 293 1697 et
314 1654 381 1698 non
403 1641 453 1698 est
475 1634 642 1719 respiratio
664 1634 756 1712 mihi,

303 1764 379 1847 quia
400 1764 536 1829 excitavi
558 1763 760 1828 iracundiam
782 1770 883 1844 tuam,

345 1899 380 1953 et
401 1891 524 1956 malum
547 1912 655 1954 coram
678 1899 711 1954 te
733 1890 805 1970 feei,

259 2039 326 2084 non
347 2019 435 2084 faeta
455 2019 621 2086 voluntate
643 2027 711 2098 tua,

345 2149 508 2214 mandatis
529 2150 595 2213 tuis
618 2170 684 2212 non
707 2148 886 2226 custoditis,

173 2277 217 2340 Et
239 2299 327 2342 nuno
350 2277 445 2343 flecto
466 2300 553 2362 genn
574 2279 679 2343 cordis
701 2278 775 2356 mei,

258 2375 392 2490 precans
416 2428 435 2469 a
455 2415 490 2472 te
511 2407 703 2471 bonitatem.
752 2405 855 2490 [orat.
880 2404 1070 2488 Manassis]

343 2534 486 2612 Pecoavi,
510 2534 660 2612 Domine,
684 2533 820 2617 peccavi,

174 2659 219 2723 Et
239 2658 426 2743 iniquitates
448 2683 535 2725 meas
558 2682 709 2746 agnosco,

260 2788 368 2857 Quare
389 2795 465 2874 peto
486 2811 614 2874 rogans,

302 2915 445 2981 Remitte
467 2917 558 2996 mihi,
581 2917 733 2995 Domine,
756 2917 887 2980 remitte
909 2914 1001 2978 mihi.
1047 2911 1155 2998 [loia]

173 3043 216 3106 Et
237 3063 280 3108 ne
301 3043 397 3108 simul
419 3045 533 3129 perdas
555 3067 608 3110 me
630 3067 705 3110 oum
727 3045 952 3128 iniquitatibus
973 3043 1064 3121 meis,

257 3192 363 3255 neque
384 3173 420 3236 in
442 3181 600 3238 aeternum
623 3173 725 3236 iratus

388 3322 528 3365 reserves
548 3301 634 3365 mala
656 3299 747 3378 mihi,

260 3449 365 3512 neque
388 3428 521 3492 damnes
543 3450 595 3492 me

343 3557 379 3620 in
401 3556 515 3620 infima
535 3564 630 3621 terrae
653 3557 733 3620 loca.

173 3684 258 3751 Quia
278 3692 316 3748 tu
337 3705 371 3748 es
393 3685 493 3764 Deus,
517 3685 607 3748 Deus
628 3684 868 3768 poenitentium,

214 3821 247 3878 et
283 3813 318 3877 in
354 3833 408 3877 me
445 3814 595 3878 ostendes
632 3835 762 3877 omnem
801 3811 979 3874 bonitatem
1017 3820 1117 3887 tuam,

343 3940 419 4025 quia
439 3941 609 4025 indignum
633 3940 767 4004 salvabis
790 3961 844 4002 me

212 4067 389 4132 secundum
409 4091 560 4152 magnam
583 4067 834 4132 misericordiam
857 4075 957 4147 tuam,

342 4203 377 4259 et
397 4195 536 4260 laudabo
559 4203 593 4259 te
615 4216 751 4279 semper.
801 4192 910 4277 [loia]
