2910 5002
436 433 605 499 Paucas
629 431 951 501 QUOTIDIANAE·
1159 432 1223 498 837

339 601 470 686 Apertis
491 601 599 688 libris„

340 729 547 813 Investigatis
568 729 729 812 operibus,

340 857 508 941 indagatis
530 856 790 942 cogitationibus,

340 984 557 1049 Manifestatis
578 984 785 1049 tenebrarum
806 982 953 1048 occultis.

211 1112 314 1180 Qunle
332 1112 492 1197 judicium
514 1112 576 1177 erit
597 1113 633 1177 in
654 1111 731 1176 me?

167 1243 188 1305 J
190 1241 273 1305 ndex
295 1241 508 1324 incorruptus,
697 1238 853 1305 'ilibunal
873 1237 1080 1318 horrendum,

167 1369 321 1433 Defensio
344 1369 411 1432 sine
434 1368 646 1447 excusatione,
696 1369 899 1450 Argumenta
920 1365 1126 1445 inevitabilia,

168 1496 368 1579 Supplicium
391 1518 549 1580 asperum,
698 1496 857 1563 Gchenna
877 1494 1080 1579 sempiterna,

167 1623 286 1706 Angeli
308 1624 460 1714 immites,
695 1623 865 1691 Internum
887 1623 1027 1689 dilatans
1048 1642 1095 1700 os,

168 1749 304 1814 Flumen
326 1751 410 1835 ignis
432 1751 580 1832 stridens,
698 1749 788 1835 Ignis
811 1750 866 1834 qui
888 1771 955 1816 non
976 1747 1204 1832 exstinguitur,

167 1878 284 1944 Cancer
305 1879 504 1960 tenebrosus,
696 1877 850 1945 Tenebras
860 1898 992 1962 prorsus
1001 1883 1144 1945 exsortes
1152 1873 1296 1952 luminis,

168 2007 386 2075 Reclinatoria
408 2027 426 2072 e
448 2007 570 2091 prunis,
699 2005 904 2073 Vermiculus
925 2005 1127 2090 irrequietus,

167 2137 306 2202 Vincula
326 2135 569 2213 indissolubilia,
697 2134 803 2198 Chaos
824 2133 1095 2213 immensurabile,

167 2264 284 2328 Murus
302 2283 398 2346 quem
412 2260 593 2344 transgredi
606 2281 673 2325 non
695 2261 825 2325 Clamor
846 2260 1094 2341 inconsolabilis,

211 2411 388 2474 possumus,

612 2515 751 2589 assistat,

340 2644 460 2708 Nullus
484 2644 539 2726 qui
608 2644 837 2726 patrocinetur,

608 2771 732 2836 liberet.

487 3030 581 3108 Ecce,
605 3028 753 3107 Domine,

171 3158 321 3245 Dijudico
343 3162 471 3242 egomet
493 3177 545 3220 me

253 3285 399 3368 dignum,
422 3283 608 3362 obnoxium,
631 3304 723 3348 reum

340 3412 451 3477 aetemi
473 3411 629 3496 supplicii,

166 3539 274 3604 Etiam
297 3545 330 3605 et
351 3538 497 3606 omnium
519 3536 744 3605 difficultatum
766 3538 863 3624 liujus
884 3535 1007 3604 muudi.

167 3668 307 3737 Meritus
321 3689 392 3735 sum
407 3674 544 3732 mortem
562 3687 582 3730 a
598 3666 654 3744 Te,
668 3684 849 3859 homine
872 3686 940 3859 {a
960 3666 1006 3730 'le
1023 3666 1123 3749 justo.

169 3797 234 3860 Sed
248 3795 353 3860 adhuc
369 3795 494 3880 appello
509 3793 550 3857 ad
565 3794 621 3872 Te,
849 3772 858 3798 ³
919 3792 1016 3858 ad'Pe
1027 3791 1276 3872 misericordem,
1350 3812 1351 3817 ¹

339 3945 359 3989 a
379 3924 457 3989 solio
475 3922 610 4008 justitiae
632 3921 673 3987 ad
694 3921 848 3991 thronum
871 3921 989 4005 gratiss

166 4050 323 4130 Admitte,
346 4049 497 4130 Domine,
520 4049 780 4135 provocationem
801 4049 885 4119 bauo
896 4076 907 4130 3

251 4176 298 4243 Ni
320 4176 494 4257 admiseris,
518 4177 668 4262 perimus

166 4306 219 4385 Et,
229 4305 259 4370 O
270 4304 419 4385 Domine,
429 4327 494 4370 uon
505 4305 547 4369 ad
557 4307 603 4370 'Pe
613 4305 766 4391 pertinet,
775 4305 801 4370 si
811 4305 974 4390 perimus?
986 4302 1088 4389 [Mar.
1098 4304 1137 4369 iv.
1150 4302 1217 4387 38.]

210 4446 262 4481 aro
287 4445 383 4481 rsrcns
765 4448 786 4495 χ
810 4448 830 4494 χ
