2910 5002
446 431 616 497 PRECES
640 431 957 498 QUOTIDIANAE.
1163 434 1223 499 151

170 603 303 666 Manus.
372 603 542 667 Memoria
777 604 987 688 Experientia
1008 605 1225 672 historiarum.
1287 642 1290 652 ι

170 730 281 795 Pedes.
371 730 587 796 Conscientia.
773 733 889 797 Cultus
913 733 1160 800 Sacrificiorum.

480 987 680 1053 Benedictus
703 1010 749 1068 es,
771 990 922 1066 Domine,

169 1123 300 1200 propter
320 1137 477 1199 magnum
499 1122 533 1180 et
554 1116 731 1199 pretiosum
753 1117 944 1200 promissum
966 1125 1060 1182 tuum

439 1243 513 1324 (hec
533 1243 569 1306 in
590 1242 654 1325 die)
708 1243 743 1326 [2
766 1243 836 1308 Pet.
858 1245 881 1309 i.
904 1245 951 1328 4.]

369 1371 411 1435 de
432 1369 555 1436 vivifico
577 1371 711 1450 semine,
761 1373 853 1456 [Gen.
878 1373 923 1436 iii.
949 1373 1016 1456 15.]

212 1506 256 1578 et,
280 1498 425 1581 eoquod
447 1496 650 1581 plenitudine
673 1505 854 1582 temporum

340 1624 420 1688 illud
441 1624 632 1708 impleveris,
683 1625 771 1708 [Gal.
794 1626 835 1689 iv.
858 1626 905 1709 4.]

298 1749 359 1814 hac
380 1751 506 1834 ipsein
529 1751 593 1815 die.

478 1879 673 1944 Benedictus
694 1900 740 1956 es,
761 1880 912 1959 Domine,

477 2012 607 2090 propter
629 2027 732 2069 sacras
754 2006 918 2089 passiones

595 2134 693 2218 hujus
716 2133 789 2196 diei.

389 2264 418 2326 Ο
440 2284 497 2345 per
520 2262 675 2326 salutares
696 2262 862 2346 passiones
883 2270 968 2339 tuas,

502 2389 563 2451 hac
583 2389 618 2451 in
640 2388 693 2452 die
716 2397 890 2473 susceptas,
953 2400 956 2405 '

524 2517 619 2580 Salva
640 2538 699 2579 nos
721 2517 874 2580 Domine.

172 2778 291 2844 Restiti
312 2777 382 2855 tibi,
405 2775 555 2854 Domine,
579 2775 634 2838 sed
658 2781 826 2839 convertor
849 2774 889 2838 ad
911 2781 963 2852 te,

139 2905 142 2910 ’
215 2907 401 2970 Infirmatus
424 2925 495 2967 sum
517 2903 552 2966 in
574 2903 714 2986 peccatis
733 2902 825 2967 meis.
871 2903 949 2966 Hos.
972 2902 1038 2966 xiii.
1063 2903 1114 2965 16.

474 3030 538 3094 Sed
560 3030 640 3094 tollo
661 3050 788 3093 mecum
810 3029 916 3107 verbs,

364 3167 397 3223 et
419 3166 560 3224 revertor
581 3159 622 3221 ad
644 3166 689 3237 te,
712 3158 861 3236 Domine,
885 3166 918 3222 et
941 3158 1021 3234 dico,

170 3290 311 3352 Omnem
334 3287 423 3350 aufer
446 3287 661 3371 iniquitatem,
688 3295 721 3350 et
748 3287 855 3369 accipe
880 3287 1068 3364 orationem,

213 3423 246 3479 et
259 3414 392 3480 reddam
414 3415 530 3478 vitulos
552 3415 710 3478 labiorum
732 3436 888 3480 meorum.
934 3415 1012 3480 Hos.
1035 3415 1097 3478 xiv.
1123 3413 1223 3498 1.[2.]

171 3545 281 3621 Parce,
305 3541 455 3618 Domine,
477 3563 580 3624 parce,

258 3679 291 3734 et
313 3692 356 3734 ne
379 3670 435 3734 des
457 3669 679 3734 haereditatem
701 3677 792 3733 tuam

342 3799 381 3863 ad
405 3800 611 3883 opprobrium
634 3799 771 3862 inimicis
793 3799 866 3861 tuis.
913 3797 993 3860 Joel.
1016 3797 1050 3859 ii.
1076 3801 1126 3863 17.

214 3927 364 4006 Domine,
388 3927 538 4004 Domine,
562 3927 719 4010 propitius
743 3933 821 4002 esto,
846 3924 984 4008 quiesce,
1009 3924 1149 3989 obsecro.

258 4055 340 4121 Quis
363 4055 528 4119 suscitabit
552 4054 651 4117 Jacob
660 4031 678 4116 i
1147 4045 1149 4047 ⁵

344 4182 419 4264 quia
439 4182 590 4265 parvulus
612 4188 671 4244 est.

258 4310 422 4387 Miserere,
447 4310 596 4387 Domine,
621 4331 716 4392 super
737 4309 819 4385 b0c3
