2910 5002
196 462 262 526 382
481 456 654 525 PRECES
674 456 995 525 QUOTIDIANAE.

199 630 299 693 Beda.
343 628 424 693 Ideo
446 628 593 693 Christus
613 625 783 710 ingemuit,
805 631 844 689 ut
864 624 959 690 uobis
989 625 1146 710 gemendi
1168 625 1274 691 duret

329 756 519 840 exemplum.

199 887 318 951 Arnob.
364 886 443 950 Nou
473 884 632 949 desiderat
666 885 756 949 Deus
786 904 848 947 nos
884 882 1043 968 supplioes
1078 906 1164 965 esse,
1208 892 1273 950 aut

331 1021 417 1078 emat
432 1013 592 1077 substerni
598 1039 609 1091 3
624 1012 748 1077 utilitas
762 1012 832 1077 hmo
846 1018 959 1077 nostru
972 1019 1032 1094 est,
1045 1020 1079 1079 et
1094 1013 1273 1078 oommodi

329 1141 431 1206 nostri
452 1141 609 1204 rationem
632 1139 738 1204 babet

200 1273 281 1354 Αορ.
326 1269 484 1335 Ascendit
506 1269 656 1353 precatio,
679 1269 844 1334 deseendit
865 1268 1040 1333 miseratio.

200 1400 309 1463 Ambr.
355 1396 495 1463 Uberior
517 1406 567 1462 est
589 1397 652 1461 Dei
674 1397 779 1482 gretia
808 1419 906 1481 quum
935 1396 1095 1481 preostio:
1130 1417 1273 1482 semper

329 1529 400 1613 plus
421 1528 535 1593 tribuit
559 1529 649 1592 Deus
672 1549 769 1612 quam
794 1533 934 1611 rogetur.

201 1659 310 1722 Ansbr.
356 1658 377 1720 J
381 1656 457 1722 ubet
472 1658 562 1722 Deus
584 1664 622 1720 ut
637 1668 737 1740 petus,
753 1661 787 1720 et
802 1654 895 1720 dooet
918 1654 995 1739 quid
1008 1661 1111 1739 petus,
1127 1661 1162 1720 et
1187 1676 1271 1739 pro-

329 1784 431 1848 mittit
454 1783 541 1868 quod
565 1782 661 1867 petis,
692 1790 726 1846 et
756 1781 904 1865 displicet
929 1781 981 1861 Ei,
1004 1781 1031 1845 si
1056 1802 1125 1846 nou
1150 1781 1269 1866 petis;

332 1918 365 1975 et
386 1917 424 1974 tu
446 1931 513 1974 non
535 1910 617 1994 petis
639 1911 777 1974 temen?

353 2039 465 2105 Oratio
487 2046 536 2104 est
557 2039 752 2104 breviarium
773 2037 859 2117 iidei,
881 2038 1040 2122 interpres
1060 2036 1142 2120 spei.

354 2170 432 2234 Non
453 2168 611 2254 passibus,
635 2168 691 2232 sed
712 2166 872 2251 precibus,
894 2166 962 2231 itur
982 2165 1024 2231 ed
1046 2166 1164 2231 Deum.

354 2297 448 2361 Fides
468 2295 577 2360 fundit
599 2296 787 2374 orationem,
809 2301 843 2358 et
865 2292 1021 2357 fundatur
1045 2291 1081 2356 iu
1101 2292 1268 2357 oratione.

208 2428 271 2491 Col.
294 2425 333 2489 iv.
360 2426 409 2490 12.
456 2425 558 2508 Perge
580 2422 681 2507 igitur
701 2418 913 2504 ἀγωνίζεσθαι
936 2419 971 2484 ἐν
990 2421 1204 2507 προσευχαῖς.

204 2555 282 2618 Luc.
305 2552 390 2617 xviii,
416 2556 444 2617 1.
491 2549 638 2616 Πάντοτε
658 2547 902 2638 προσεύχεσθαι
923 2547 978 2613 eni
998 2544 1045 2630 μὴ
1066 2544 1250 2613 {emerius

204 2680 255 2745 «lo,
290 2681 330 2745 iv.
363 2683 415 2745 23.
461 2717 591 2728 --
613 2677 647 2743 ἐν
667 2676 827 2761 πνεύματι
848 2675 903 2741 καὶ
924 2673 1069 2764 ἀληθείᾳ·
1116 2659 1122 2667 ·

335 3013 577 3077 Meditationum
599 3009 743 3099 ἀφορμαὶ
765 3017 837 3075 note
859 3010 1127 3076 Intercessionum.

205 3194 226 3254 2
252 3190 322 3253 Cor.
344 3190 385 3253 ix.
411 3191 463 3254 15.
507 3187 610 3277 Χάρις
630 3190 677 3275 τῷ
697 3187 772 3274 Θεῷ
791 3186 846 3251 ἐπὶ
867 3188 907 3270 τῇ
927 3182 1142 3270 ἀνεκδιηγήτῳ
1161 3182 1265 3250 αὐτοῦ

293 3315 405 3405 δωρεᾷ.

205 3445 286 3527 Any.
333 3446 554 3509 Iuenurrabile
576 3445 696 3509 donum
719 3446 781 3509 Dei
798 3466 870 3509 esse
883 3443 961 3508 dicit
978 3442 1162 3527 Apostolus,
1178 3441 1260 3506 dum

292 3572 422 3656 plurimi
452 3571 513 3636 sibi
545 3572 651 3636 mutui
688 3579 879 3637 succurrunt
911 3571 1031 3649 officiis,
1065 3578 1099 3634 et
1128 3591 1187 3654 pro
1225 3591 1261 3634 se

190 3718 193 3723 ·
291 3683 405 3765 mutuo
427 3707 531 3780 orant,
554 3709 587 3764 et
609 3699 727 3784 gratias
748 3707 859 3784 egunt,

208 3832 223 3892 l
250 3829 334 3894 Sam.
358 3829 412 3893 xii.
435 3831 488 3894 23.
532 3825 625 3910 Ἐμοὶ
648 3825 683 3891 δὲ
704 3824 856 3909 μηδαμῶς
883 3824 1016 3907 γένοιτο,
1039 3821 1076 3889 τὸ
1105 3820 1261 3909 ἁμαρτεῖν

292 3955 426 4023 ἐνώπιον
448 3959 504 4022 τοῦ
527 3955 657 4043 Κυρίου·
680 3953 798 4020 ἀνιέναι
823 3956 880 4019 τοῦ
908 3950 1154 4040 προσεύχεσθαι
1183 3948 1263 4017 ε’νῶ-

292 4109 369 4148 πιον
390 4081 486 4148 αὐτοῦ
510 4082 590 4169 ὑπὲρ
613 4083 708 4167 ὑμῶν,
733 4084 839 4166 inquit
862 4081 1001 4146 Samuel.

206 4207 335 4277 Hieron.
391 4213 433 4278 In
469 4215 618 4298 praesenti
650 4213 775 4291 saeculo,
808 4213 926 4278 scimus
963 4234 1024 4276 uos
1058 4206 1262 4276 orationibus

294 4363 385 4425 posse
419 4341 580 4427 adjuvari3
603 4362 677 4405 oum
708 4348 816 4405 eutem
848 4348 923 4405 ante
960 4339 1104 4406 tribuual
1140 4337 1263 4405 Christi
