<?xml version="1.0" encoding="UTF-8"?>
<!DOCTYPE html PUBLIC "-//W3C//DTD XHTML 1.0 Transitional//EN"
    "http://www.w3.org/TR/xhtml1/DTD/xhtml1-transitional.dtd">
<html xmlns="http://www.w3.org/1999/xhtml" xml:lang="en" lang="en">
 <head>
  <title>
</title>
<meta http-equiv="Content-Type" content="text/html;charset=utf-8" />
  <meta name='ocr-system' content='tesseract 3.04.00' />
  <meta name='ocr-capabilities' content='ocr_page ocr_carea ocr_par ocr_line ocrx_word'/>
</head>
<body>
  <div class='ocr_page' id='page_1' title='image "./precesprivataeq00andrgoog_0417.png"; bbox 0 0 2910 5002; ppageno 0'>
   <div class='ocr_carea' id='block_1_1' title="bbox 205 418 994 484">
    <p class='ocr_par' dir='ltr' id='par_1_1' title="bbox 205 418 994 484">
     <span class='ocr_line' id='line_1_1' title="bbox 205 418 994 484; baseline -0.001 0"><span class='ocrx_word' id='word_1_1' title='bbox 205 422 273 484; x_wconf 84' lang='lat'>384</span> <span class='ocrx_word' id='word_1_2' title='bbox 476 418 646 483; x_wconf 85' lang='lat' dir='ltr'>PRECES</span> <span class='ocrx_word' id='word_1_3' title='bbox 675 418 994 484; x_wconf 76' lang='lat' dir='ltr'><strong>QUOTIDIANAE.</strong></span> 
     </span>
    </p>
   </div>
   <div class='ocr_carea' id='block_1_2' title="bbox 78 589 1294 676">
    <p class='ocr_par' dir='ltr' id='par_1_2' title="bbox 78 589 1294 676">
     <span class='ocr_line' id='line_1_2' title="bbox 78 589 1294 676; baseline -0.002 -21"><span class='ocrx_word' id='word_1_4' title='bbox 78 634 85 649; x_wconf 83' lang='lat'>.</span> <span class='ocrx_word' id='word_1_5' title='bbox 204 594 228 659; x_wconf 85' lang='grc' dir='ltr'>ι’.</span> <span class='ocrx_word' id='word_1_6' title='bbox 243 613 270 656; x_wconf 86' lang='lat' dir='ltr'>e.</span> <span class='ocrx_word' id='word_1_7' title='bbox 294 591 401 676; x_wconf 81' lang='lat' dir='ltr'>Opera</span> <span class='ocrx_word' id='word_1_8' title='bbox 437 591 507 655; x_wconf 80' lang='lat' dir='ltr'>Tua</span> <span class='ocrx_word' id='word_1_9' title='bbox 542 610 609 656; x_wconf 90' lang='lat' dir='ltr'>nou</span> <span class='ocrx_word' id='word_1_10' title='bbox 646 589 788 674; x_wconf 76' lang='lat' dir='ltr'>attingit,</span> <span class='ocrx_word' id='word_1_11' title='bbox 820 590 893 674; x_wconf 82' lang='lat' dir='ltr'>plue</span> <span class='ocrx_word' id='word_1_12' title='bbox 923 589 1023 656; x_wconf 85' lang='lat' dir='ltr'>hubet</span> <span class='ocrx_word' id='word_1_13' title='bbox 1053 589 1212 669; x_wconf 75' lang='lat' dir='ltr'>silentii3</span> <span class='ocrx_word' id='word_1_14' title='bbox 1256 596 1294 653; x_wconf 91' lang='lat' dir='ltr'>et</span> 
     </span>
    </p>
   </div>
   <div class='ocr_carea' id='block_1_3' title="bbox 205 698 1292 1572">
    <p class='ocr_par' dir='ltr' id='par_1_3' title="bbox 292 698 1280 801">
     <span class='ocr_line' id='line_1_3' title="bbox 292 698 1280 801; baseline 0 -20"><span class='ocrx_word' id='word_1_15' title='bbox 292 716 421 781; x_wconf 82' lang='lat' dir='ltr'>videtur</span> <span class='ocrx_word' id='word_1_16' title='bbox 441 716 612 801; x_wconf 84' lang='lat' dir='ltr'>procedere</span> <span class='ocrx_word' id='word_1_17' title='bbox 635 737 674 781; x_wconf 89' lang='lat' dir='ltr'>ex</span> <span class='ocrx_word' id='word_1_18' title='bbox 695 737 750 781; x_wconf 87' lang='lat' dir='ltr'>ore</span> <span class='ocrx_word' id='word_1_19' title='bbox 772 716 973 783; x_wconf 76' lang='lat' dir='ltr'>lactentium.</span> <span class='ocrx_word' id='word_1_20' title='bbox 1018 698 1110 783; x_wconf 71' lang='lat' dir='ltr'>Ptol.</span> <span class='ocrx_word' id='word_1_21' title='bbox 1135 716 1213 783; x_wconf 84' lang='lat' dir='ltr'>viii.</span> <span class='ocrx_word' id='word_1_22' title='bbox 1240 720 1280 782; x_wconf 80' lang='lat'>2.</span> 
     </span>
    </p>

    <p class='ocr_par' dir='ltr' id='par_1_4' title="bbox 205 843 1292 1183">
     <span class='ocr_line' id='line_1_4' title="bbox 205 843 1292 934; baseline 0 -23"><span class='ocrx_word' id='word_1_23' title='bbox 205 850 285 911; x_wconf 81' lang='lat' dir='ltr'>Bur.</span> <span class='ocrx_word' id='word_1_24' title='bbox 300 847 341 911; x_wconf 88' lang='lat' dir='ltr'>iv.</span> <span class='ocrx_word' id='word_1_25' title='bbox 365 848 417 910; x_wconf 83' lang='lat'>28.</span> <span class='ocrx_word' id='word_1_26' title='bbox 454 843 592 934; x_wconf 83' lang='grc' dir='ltr'>Ὥσπερ</span> <span class='ocrx_word' id='word_1_27' title='bbox 613 843 738 927; x_wconf 72' lang='grc' dir='ltr'>ἐγένετο</span> <span class='ocrx_word' id='word_1_28' title='bbox 752 843 773 928; x_wconf 81' lang='grc' dir='ltr'><em>ἦ</em></span> <span class='ocrx_word' id='word_1_29' title='bbox 788 843 915 911; x_wconf 76' lang='grc' dir='ltr'>διάνοια</span> <span class='ocrx_word' id='word_1_30' title='bbox 928 845 1015 930; x_wconf 73' lang='grc' dir='ltr'>ὑμῶν</span> <span class='ocrx_word' id='word_1_31' title='bbox 1028 843 1075 917; x_wconf 77' lang='grc' dir='ltr'>εἷς</span> <span class='ocrx_word' id='word_1_32' title='bbox 1090 844 1129 912; x_wconf 75' lang='grc' dir='ltr'>τὸ</span> <span class='ocrx_word' id='word_1_33' title='bbox 1143 852 1292 925; x_wconf 75' lang='grc' dir='ltr'>πλανη-</span> 
     </span>
     <span class='ocr_line' id='line_1_5' title="bbox 292 969 1289 1063; baseline 0.003 -24"><span class='ocrx_word' id='word_1_34' title='bbox 292 974 389 1056; x_wconf 80' lang='grc' dir='ltr'>θῆναι</span> <span class='ocrx_word' id='word_1_35' title='bbox 417 971 484 1039; x_wconf 71' lang='lat' dir='ltr'>dod</span> <span class='ocrx_word' id='word_1_36' title='bbox 520 975 576 1038; x_wconf 79' lang='grc' dir='ltr'>τοῦ</span> <span class='ocrx_word' id='word_1_37' title='bbox 606 974 701 1054; x_wconf 77' lang='grc' dir='ltr'><strong><em>Θεοῦ,</em></strong></span> <span class='ocrx_word' id='word_1_38' title='bbox 732 969 978 1040; x_wconf 59' lang='lat' dir='ltr'>teutuado-ave</span> <span class='ocrx_word' id='word_1_39' title='bbox 1007 971 1289 1063; x_wconf 62' lang='grc' dir='ltr'>ἐπιστραφέντες</span> 
     </span>
     <span class='ocr_line' id='line_1_6' title="bbox 294 1097 556 1183; baseline -0.004 -19"><span class='ocrx_word' id='word_1_40' title='bbox 294 1103 430 1183; x_wconf 60' lang='lat' dir='ltr'>(pudeat</span> <span class='ocrx_word' id='word_1_41' title='bbox 450 1097 556 1165; x_wconf 73' lang='grc' dir='ltr'><strong><em>αὐτόν.</em></strong></span> 
     </span>
    </p>

    <p class='ocr_par' dir='ltr' id='par_1_5' title="bbox 207 1228 1285 1424">
     <span class='ocr_line' id='line_1_7' title="bbox 207 1228 1285 1314; baseline 0 -19"><span class='ocrx_word' id='word_1_42' title='bbox 207 1231 257 1295; x_wconf 92' lang='lat' dir='ltr'>Ut</span> <span class='ocrx_word' id='word_1_43' title='bbox 274 1236 369 1295; x_wconf 79' lang='lat' dir='ltr'>antee</span> <span class='ocrx_word' id='word_1_44' title='bbox 389 1229 425 1293; x_wconf 90' lang='lat' dir='ltr'>in</span> <span class='ocrx_word' id='word_1_45' title='bbox 446 1228 594 1314; x_wconf 81' lang='lat' dir='ltr'>peccatis,</span> <span class='ocrx_word' id='word_1_46' title='bbox 610 1228 656 1292; x_wconf 79' lang='lat' dir='ltr'>uic</span> <span class='ocrx_word' id='word_1_47' title='bbox 673 1229 743 1312; x_wconf 80' lang='lat' dir='ltr'>jam</span> <span class='ocrx_word' id='word_1_48' title='bbox 764 1228 800 1292; x_wconf 90' lang='lat' dir='ltr'>in</span> <span class='ocrx_word' id='word_1_49' title='bbox 821 1228 915 1292; x_wconf 70' lang='lat' dir='ltr'>bonit</span> <span class='ocrx_word' id='word_1_50' title='bbox 935 1228 1085 1313; x_wconf 71' lang='lat' dir='ltr'>operibus</span> <span class='ocrx_word' id='word_1_51' title='bbox 1107 1238 1143 1295; x_wconf 93' lang='lat' dir='ltr'>et</span> <span class='ocrx_word' id='word_1_52' title='bbox 1164 1228 1285 1295; x_wconf 80' lang='lat' dir='ltr'>lendi-</span> 
     </span>
     <span class='ocr_line' id='line_1_8' title="bbox 292 1358 670 1424; baseline -0.008 0"><span class='ocrx_word' id='word_1_53' title='bbox 292 1358 354 1424; x_wconf 75' lang='lat' dir='ltr'>bus</span> <span class='ocrx_word' id='word_1_54' title='bbox 376 1358 440 1424; x_wconf 86' lang='lat' dir='ltr'>Dei</span> <span class='ocrx_word' id='word_1_55' title='bbox 462 1358 670 1424; x_wconf 65' lang='lat' dir='ltr'>abundemus,</span> 
     </span>
    </p>

    <p class='ocr_par' dir='ltr' id='par_1_6' title="bbox 205 1482 800 1572">
     <span class='ocr_line' id='line_1_9' title="bbox 205 1482 800 1572; baseline -0.003 -22"><span class='ocrx_word' id='word_1_56' title='bbox 205 1482 318 1551; x_wconf 76' lang='grc' dir='ltr'>Ἀλλὰ</span> <span class='ocrx_word' id='word_1_57' title='bbox 339 1485 389 1556; x_wconf 75' lang='grc' dir='ltr'>τίς</span> <span class='ocrx_word' id='word_1_58' title='bbox 412 1483 477 1568; x_wconf 76' lang='grc' dir='ltr'>εἰμι</span> <span class='ocrx_word' id='word_1_59' title='bbox 499 1483 574 1567; x_wconf 69' lang='grc' dir='ltr'>ἐγὼ,</span> <span class='ocrx_word' id='word_1_60' title='bbox 599 1483 800 1572; x_wconf 70' lang='grc' dir='ltr'>Κύριε-διο.</span> 
     </span>
    </p>
   </div>
   <div class='ocr_carea' id='block_1_4' title="bbox 207 1728 1278 3478">
    <p class='ocr_par' dir='ltr' id='par_1_7' title="bbox 412 1728 1060 1815">
     <span class='ocr_line' id='line_1_10' title="bbox 412 1728 1060 1815; baseline -0.002 -19"><span class='ocrx_word' id='word_1_61' title='bbox 412 1734 522 1796; x_wconf 78' lang='lat' dir='ltr'><strong><em>Oratio</em></strong></span> <span class='ocrx_word' id='word_1_62' title='bbox 537 1733 773 1814; x_wconf 69' lang='lat' dir='ltr'>praeparatoria</span> <span class='ocrx_word' id='word_1_63' title='bbox 795 1739 868 1797; x_wconf 74' lang='lat' dir='ltr'>aute</span> <span class='ocrx_word' id='word_1_64' title='bbox 890 1728 1060 1815; x_wconf 76' lang='grc' dir='ltr'>Εὐλαγίαν.</span> 
     </span>
    </p>

    <p class='ocr_par' dir='ltr' id='par_1_8' title="bbox 208 1868 1278 2085">
     <span class='ocr_line' id='line_1_11' title="bbox 208 1868 1278 1954; baseline 0.001 -20"><span class='ocrx_word' id='word_1_65' title='bbox 208 1871 272 1935; x_wconf 80' lang='lat' dir='ltr'>Fac</span> <span class='ocrx_word' id='word_1_66' title='bbox 303 1890 369 1949; x_wconf 89' lang='lat' dir='ltr'>me,</span> <span class='ocrx_word' id='word_1_67' title='bbox 401 1869 550 1941; x_wconf 88' lang='lat' dir='ltr'>Domine,</span> <span class='ocrx_word' id='word_1_68' title='bbox 582 1868 782 1953; x_wconf 80' lang='lat' dir='ltr'>poeuitentioe</span> <span class='ocrx_word' id='word_1_69' title='bbox 812 1890 904 1949; x_wconf 82' lang='lat' dir='ltr'>meae,</span> <span class='ocrx_word' id='word_1_70' title='bbox 934 1868 1148 1954; x_wconf 74' lang='lat' dir='ltr'>laudibusque</span> <span class='ocrx_word' id='word_1_71' title='bbox 1188 1871 1278 1935; x_wconf 70' lang='lat' dir='ltr'>Tuis</span> 
     </span>
     <span class='ocr_line' id='line_1_12' title="bbox 293 1995 1105 2085; baseline 0.002 -24"><span class='ocrx_word' id='word_1_72' title='bbox 293 2019 415 2079; x_wconf 80' lang='lat' dir='ltr'>vacere,</span> <span class='ocrx_word' id='word_1_73' title='bbox 438 1999 596 2085; x_wconf 83' lang='grc' dir='ltr'>Χωρῆσαι</span> <span class='ocrx_word' id='word_1_74' title='bbox 617 1995 662 2067; x_wconf 77' lang='grc' dir='ltr'>εἷς</span> <span class='ocrx_word' id='word_1_75' title='bbox 682 1995 854 2080; x_wconf 82' lang='grc' dir='ltr'>μετάνοιαν</span> <span class='ocrx_word' id='word_1_76' title='bbox 874 1996 929 2063; x_wconf 76' lang='grc' dir='ltr'>καὶ</span> <span class='ocrx_word' id='word_1_77' title='bbox 951 1995 1105 2081; x_wconf 67' lang='grc' dir='ltr'>εὐλογίας.</span> 
     </span>
    </p>

    <p class='ocr_par' dir='ltr' id='par_1_9' title="bbox 207 2125 1275 2317">
     <span class='ocr_line' id='line_1_13' title="bbox 207 2125 1275 2210; baseline 0.002 -20"><span class='ocrx_word' id='word_1_78' title='bbox 207 2125 357 2206; x_wconf 88' lang='lat' dir='ltr'>Domine,</span> <span class='ocrx_word' id='word_1_79' title='bbox 390 2125 476 2191; x_wconf 78' lang='lat' dir='ltr'>lubia</span> <span class='ocrx_word' id='word_1_80' title='bbox 506 2147 578 2190; x_wconf 87' lang='lat' dir='ltr'>meo</span> <span class='ocrx_word' id='word_1_81' title='bbox 614 2126 747 2210; x_wconf 79' lang='lat' dir='ltr'>aperies,</span> <span class='ocrx_word' id='word_1_82' title='bbox 779 2133 813 2190; x_wconf 89' lang='lat' dir='ltr'>et</span> <span class='ocrx_word' id='word_1_83' title='bbox 843 2147 880 2190; x_wconf 80' lang='lat' dir='ltr'>os</span> <span class='ocrx_word' id='word_1_84' title='bbox 913 2146 1022 2189; x_wconf 90' lang='lat' dir='ltr'>meum</span> <span class='ocrx_word' id='word_1_85' title='bbox 1055 2125 1275 2193; x_wconf 76' lang='lat' dir='ltr'>annuntiabit</span> 
     </span>
     <span class='ocr_line' id='line_1_14' title="bbox 292 2252 556 2317; baseline 0 -1"><span class='ocrx_word' id='word_1_86' title='bbox 292 2252 421 2317; x_wconf 80' lang='lat' dir='ltr'>leudem</span> <span class='ocrx_word' id='word_1_87' title='bbox 443 2252 556 2316; x_wconf 65' lang='lat' dir='ltr'>diuum.</span> 
     </span>
    </p>

    <p class='ocr_par' dir='ltr' id='par_1_10' title="bbox 207 2380 1273 2844">
     <span class='ocr_line' id='line_1_15' title="bbox 207 2380 1273 2466; baseline 0 -20"><span class='ocrx_word' id='word_1_88' title='bbox 207 2380 273 2446; x_wconf 85' lang='lat' dir='ltr'>Sed</span> <span class='ocrx_word' id='word_1_89' title='bbox 294 2388 481 2465; x_wconf 81' lang='lat' dir='ltr'>peccantem</span> <span class='ocrx_word' id='word_1_90' title='bbox 501 2401 564 2459; x_wconf 91' lang='lat' dir='ltr'>me,</span> <span class='ocrx_word' id='word_1_91' title='bbox 587 2380 738 2459; x_wconf 88' lang='lat' dir='ltr'>Domine,</span> <span class='ocrx_word' id='word_1_92' title='bbox 761 2386 794 2443; x_wconf 86' lang='lat' dir='ltr'>et</span> <span class='ocrx_word' id='word_1_93' title='bbox 815 2400 945 2464; x_wconf 79' lang='lat' dir='ltr'>promus</span> <span class='ocrx_word' id='word_1_94' title='bbox 966 2380 1137 2465; x_wconf 80' lang='lat' dir='ltr'>indignum</span> <span class='ocrx_word' id='word_1_95' title='bbox 1158 2382 1273 2466; x_wconf 74' lang='lat' dir='ltr'>mugio</span> 
     </span>
     <span class='ocr_line' id='line_1_16' title="bbox 291 2507 1271 2592; baseline 0.003 -21"><span class='ocrx_word' id='word_1_96' title='bbox 291 2507 420 2571; x_wconf 86' lang='lat' dir='ltr'>deceret</span> <span class='ocrx_word' id='word_1_97' title='bbox 442 2528 549 2573; x_wconf 84' lang='lat' dir='ltr'>eoram</span> <span class='ocrx_word' id='word_1_98' title='bbox 572 2509 617 2572; x_wconf 68' lang='grc' dir='ltr'>ΤΘ</span> <span class='ocrx_word' id='word_1_99' title='bbox 642 2508 751 2592; x_wconf 81' lang='lat' dir='ltr'>jacere</span> <span class='ocrx_word' id='word_1_100' title='bbox 779 2512 986 2591; x_wconf 75' lang='lat' dir='ltr'>prostratum,</span> <span class='ocrx_word' id='word_1_101' title='bbox 1009 2528 1048 2573; x_wconf 82' lang='lat' dir='ltr'>uc</span> <span class='ocrx_word' id='word_1_102' title='bbox 1075 2528 1151 2573; x_wconf 89' lang='lat' dir='ltr'>cum</span> <span class='ocrx_word' id='word_1_103' title='bbox 1181 2509 1271 2574; x_wconf 85' lang='lat' dir='ltr'>fletu</span> 
     </span>
     <span class='ocr_line' id='line_1_17' title="bbox 291 2632 1271 2719; baseline 0.001 -21"><span class='ocrx_word' id='word_1_104' title='bbox 291 2655 330 2698; x_wconf 81' lang='lat' dir='ltr'>ac</span> <span class='ocrx_word' id='word_1_105' title='bbox 358 2634 482 2718; x_wconf 85' lang='lat' dir='ltr'>gemitu</span> <span class='ocrx_word' id='word_1_106' title='bbox 511 2640 715 2719; x_wconf 81' lang='lat' dir='ltr'>peccatorum</span> <span class='ocrx_word' id='word_1_107' title='bbox 744 2632 871 2697; x_wconf 83' lang='lat' dir='ltr'>venium</span> <span class='ocrx_word' id='word_1_108' title='bbox 901 2634 1073 2717; x_wconf 76' lang='lat' dir='ltr'>postulare,</span> <span class='ocrx_word' id='word_1_109' title='bbox 1096 2656 1196 2719; x_wconf 82' lang='lat' dir='ltr'>quum</span> <span class='ocrx_word' id='word_1_110' title='bbox 1218 2635 1271 2699; x_wconf 80' lang='lat' dir='ltr'>&#39;Pe</span> 
     </span>
     <span class='ocr_line' id='line_1_18' title="bbox 291 2760 653 2844; baseline -0.003 -20"><span class='ocrx_word' id='word_1_111' title='bbox 291 2781 347 2824; x_wconf 89' lang='lat' dir='ltr'>ore</span> <span class='ocrx_word' id='word_1_112' title='bbox 368 2760 492 2844; x_wconf 91' lang='lat' dir='ltr'>polluto</span> <span class='ocrx_word' id='word_1_113' title='bbox 514 2760 653 2824; x_wconf 79' lang='lat' dir='ltr'>laudare</span> 
     </span>
    </p>

    <p class='ocr_par' dir='ltr' id='par_1_11' title="bbox 247 2886 1073 3478">
     <span class='ocr_line' id='line_1_19' title="bbox 249 2886 1029 2972; baseline -0.004 -18"><span class='ocrx_word' id='word_1_114' title='bbox 249 2889 372 2954; x_wconf 88' lang='lat' dir='ltr'>Verum</span> <span class='ocrx_word' id='word_1_115' title='bbox 394 2888 434 2953; x_wconf 89' lang='lat' dir='ltr'>de</span> <span class='ocrx_word' id='word_1_116' title='bbox 456 2887 602 2972; x_wconf 79' lang='lat' dir='ltr'>ingenita</span> <span class='ocrx_word' id='word_1_117' title='bbox 623 2888 693 2951; x_wconf 63' lang='lat' dir='ltr'>{Ina</span> <span class='ocrx_word' id='word_1_118' title='bbox 714 2886 860 2951; x_wconf 77' lang='lat' dir='ltr'>bonitate</span> <span class='ocrx_word' id='word_1_119' title='bbox 882 2886 1008 2951; x_wconf 89' lang='lat' dir='ltr'>confido</span> <span class='ocrx_word' id='word_1_120' title='bbox 1019 2914 1029 2965; x_wconf 68' lang='grc' dir='ltr'><strong><em>ς</em></strong></span> 
     </span>
     <span class='ocr_line' id='line_1_20' title="bbox 292 3012 1073 3100; baseline -0.006 -19"><span class='ocrx_word' id='word_1_121' title='bbox 292 3017 322 3081; x_wconf 95' lang='grc'>0</span> <span class='ocrx_word' id='word_1_122' title='bbox 345 3016 469 3100; x_wconf 77' lang='lat' dir='ltr'>suscipe</span> <span class='ocrx_word' id='word_1_123' title='bbox 491 3014 601 3080; x_wconf 83' lang='lat' dir='ltr'>laudes</span> <span class='ocrx_word' id='word_1_124' title='bbox 623 3035 701 3097; x_wconf 81' lang='lat' dir='ltr'>quus</span> <span class='ocrx_word' id='word_1_125' title='bbox 724 3012 895 3077; x_wconf 80' lang='lat' dir='ltr'>decantare</span> <span class='ocrx_word' id='word_1_126' title='bbox 917 3013 1073 3093; x_wconf 78' lang='lat' dir='ltr'>desidero,</span> 
     </span>
     <span class='ocr_line' id='line_1_21' title="bbox 335 3144 673 3228; baseline -0.006 -20"><span class='ocrx_word' id='word_1_127' title='bbox 335 3144 495 3228; x_wconf 84' lang='lat' dir='ltr'>Indignus</span> <span class='ocrx_word' id='word_1_128' title='bbox 516 3150 673 3228; x_wconf 82' lang='lat' dir='ltr'>peccator,</span> 
     </span>
     <span class='ocr_line' id='line_1_22' title="bbox 378 3271 659 3356; baseline -0.007 -20"><span class='ocrx_word' id='word_1_129' title='bbox 378 3273 474 3337; x_wconf 76' lang='lat' dir='ltr'>Cento</span> <span class='ocrx_word' id='word_1_130' title='bbox 495 3271 659 3356; x_wconf 82' lang='lat' dir='ltr'>indignus,</span> 
     </span>
     <span class='ocr_line' id='line_1_23' title="bbox 247 3397 913 3478; baseline -0.005 -14"><span class='ocrx_word' id='word_1_131' title='bbox 247 3400 314 3464; x_wconf 83' lang='lat' dir='ltr'>Sed</span> <span class='ocrx_word' id='word_1_132' title='bbox 335 3400 461 3464; x_wconf 84' lang='lat' dir='ltr'>utinum</span> <span class='ocrx_word' id='word_1_133' title='bbox 484 3401 617 3464; x_wconf 79' lang='lat' dir='ltr'>devotus</span> <span class='ocrx_word' id='word_1_134' title='bbox 639 3406 672 3464; x_wconf 89' lang='lat' dir='ltr'>et</span> <span class='ocrx_word' id='word_1_135' title='bbox 695 3397 768 3463; x_wconf 77' lang='lat' dir='ltr'>&#39;ribi</span> <span class='ocrx_word' id='word_1_136' title='bbox 791 3405 913 3478; x_wconf 77' lang='lat' dir='ltr'>gratus.</span> 
     </span>
    </p>
   </div>
   <div class='ocr_carea' id='block_1_5' title="bbox 218 3643 1251 3838">
    <p class='ocr_par' dir='ltr' id='par_1_12' title="bbox 218 3643 1251 3838">
     <span class='ocr_line' id='line_1_24' title="bbox 218 3643 1251 3728; baseline -0.006 -16"><span class='ocrx_word' id='word_1_137' title='bbox 218 3648 345 3712; x_wconf 82' lang='lat' dir='ltr'>Monita</span> <span class='ocrx_word' id='word_1_138' title='bbox 372 3654 403 3711; x_wconf 84' lang='lat' dir='ltr'>et</span> <span class='ocrx_word' id='word_1_139' title='bbox 425 3648 651 3711; x_wconf 77' lang='lat' dir='ltr'>Meditotioneu</span> <span class='ocrx_word' id='word_1_140' title='bbox 666 3647 908 3728; x_wconf 75' lang='lat' dir='ltr'>preparatorioe</span> <span class='ocrx_word' id='word_1_141' title='bbox 929 3646 963 3709; x_wconf 86' lang='grc' dir='ltr'>ιἰι</span> <span class='ocrx_word' id='word_1_142' title='bbox 992 3643 1176 3725; x_wconf 69' lang='lat' dir='ltr'>vespertina</span> <span class='ocrx_word' id='word_1_143' title='bbox 1203 3644 1251 3706; x_wconf 82' lang='lat' dir='ltr'>ud</span> 
     </span>
     <span class='ocr_line' id='line_1_25' title="bbox 515 3773 947 3838; baseline -0.007 0"><span class='ocrx_word' id='word_1_144' title='bbox 515 3777 614 3838; x_wconf 84' lang='lat' dir='ltr'>Deum</span> <span class='ocrx_word' id='word_1_145' title='bbox 636 3775 804 3838; x_wconf 80' lang='lat' dir='ltr'>elevatione</span> <span class='ocrx_word' id='word_1_146' title='bbox 826 3773 947 3836; x_wconf 70' lang='lat' dir='ltr'>mentio.</span> 
     </span>
    </p>
   </div>
   <div class='ocr_carea' id='block_1_6' title="bbox 233 3905 1251 4103">
    <p class='ocr_par' dir='ltr' id='par_1_13' title="bbox 233 3905 1251 4103">
     <span class='ocr_line' id='line_1_26' title="bbox 233 3905 1251 4103; baseline -0.006 -128"><span class='ocrx_word' id='word_1_147' title='bbox 233 3911 276 3975; x_wconf 90' lang='lat' dir='ltr'>In</span> <span class='ocrx_word' id='word_1_148' title='bbox 298 3910 383 3976; x_wconf 92' lang='lat' dir='ltr'>bello</span> <span class='ocrx_word' id='word_1_149' title='bbox 412 3908 710 4103; x_wconf 63' lang='lat' dir='ltr'>{iqueuevcmdo</span> <span class='ocrx_word' id='word_1_150' title='bbox 734 3910 774 3974; x_wconf 85' lang='lat' dir='ltr'>ad</span> <span class='ocrx_word' id='word_1_151' title='bbox 796 3907 957 3992; x_wconf 77' lang='lat' dir='ltr'>agendum</span> <span class='ocrx_word' id='word_1_152' title='bbox 979 3905 1251 3971; x_wconf 76' lang='lat' dir='ltr'>accommodatus.</span> 
     </span>
    </p>
   </div>
   <div class='ocr_carea' id='block_1_7' title="bbox 203 4035 1238 4248">
    <p class='ocr_par' dir='ltr' id='par_1_14' title="bbox 203 4035 1238 4248">
     <span class='ocr_line' id='line_1_27' title="bbox 212 4035 1155 4121; baseline -0.005 -17"><span class='ocrx_word' id='word_1_153' title='bbox 212 4045 325 4104; x_wconf 79' lang='lat' dir='ltr'>cantus</span> <span class='ocrx_word' id='word_1_154' title='bbox 347 4046 396 4102; x_wconf 81' lang='lat' dir='ltr'>est</span> <span class='ocrx_word' id='word_1_155' title='bbox 458 4035 681 4116; x_wconf 79' lang='grc' dir='ltr'>ἅνακλητικὸς,</span> <span class='ocrx_word' id='word_1_156' title='bbox 705 4059 768 4121; x_wconf 94' lang='lat' dir='ltr'>quo</span> <span class='ocrx_word' id='word_1_157' title='bbox 790 4038 934 4121; x_wconf 78' lang='lat' dir='ltr'>palantes</span> <span class='ocrx_word' id='word_1_158' title='bbox 956 4042 1155 4101; x_wconf 83' lang='lat' dir='ltr'>revocantur.</span> 
     </span>
     <span class='ocr_line' id='line_1_28' title="bbox 203 4163 1238 4248; baseline -0.003 -17"><span class='ocrx_word' id='word_1_159' title='bbox 203 4163 259 4231; x_wconf 88' lang='lat' dir='ltr'>Sic</span> <span class='ocrx_word' id='word_1_160' title='bbox 281 4186 373 4229; x_wconf 82' lang='lat' dir='ltr'>mens</span> <span class='ocrx_word' id='word_1_161' title='bbox 395 4166 539 4229; x_wconf 83' lang='lat' dir='ltr'>humana</span> <span class='ocrx_word' id='word_1_162' title='bbox 560 4174 597 4230; x_wconf 92' lang='lat' dir='ltr'>ut</span> <span class='ocrx_word' id='word_1_163' title='bbox 620 4187 714 4230; x_wconf 84' lang='lat' dir='ltr'>mune</span> <span class='ocrx_word' id='word_1_164' title='bbox 736 4165 915 4245; x_wconf 80' lang='lat' dir='ltr'>excitanda,</span> <span class='ocrx_word' id='word_1_165' title='bbox 938 4165 985 4229; x_wconf 84' lang='lat' dir='ltr'>ite</span> <span class='ocrx_word' id='word_1_166' title='bbox 1006 4164 1048 4229; x_wconf 84' lang='lat' dir='ltr'>ud</span> <span class='ocrx_word' id='word_1_167' title='bbox 1069 4184 1238 4248; x_wconf 75' lang='lat' dir='ltr'>vesperum</span> 
     </span>
    </p>
   </div>
   <div class='ocr_carea' id='block_1_8' title="bbox 246 4290 1180 4376">
    <p class='ocr_par' dir='ltr' id='par_1_15' title="bbox 246 4290 1180 4376">
     <span class='ocr_line' id='line_1_29' title="bbox 246 4290 1180 4376; baseline -0.002 -19"><span class='ocrx_word' id='word_1_168' title='bbox 246 4293 336 4376; x_wconf 81' lang='lat' dir='ltr'>quusi</span> <span class='ocrx_word' id='word_1_169' title='bbox 359 4291 534 4357; x_wconf 79' lang='lat' dir='ltr'>anacletico</span> <span class='ocrx_word' id='word_1_170' title='bbox 556 4292 597 4357; x_wconf 85' lang='lat' dir='ltr'>ud</span> <span class='ocrx_word' id='word_1_171' title='bbox 619 4314 653 4357; x_wconf 82' lang='lat' dir='ltr'>ee</span> <span class='ocrx_word' id='word_1_172' title='bbox 676 4292 853 4376; x_wconf 88' lang='lat' dir='ltr'>ducemque</span> <span class='ocrx_word' id='word_1_173' title='bbox 875 4314 969 4358; x_wconf 80' lang='lat' dir='ltr'>enum</span> <span class='ocrx_word' id='word_1_174' title='bbox 991 4290 1180 4369; x_wconf 76' lang='lat' dir='ltr'>revocanda,</span> 
     </span>
    </p>
   </div>
   <div class='ocr_carea' id='block_1_9' title="bbox 0 0 1460 5002">
    <p class='ocr_par' dir='ltr' id='par_1_16' title="bbox 0 0 1460 5002">
     <span class='ocr_line' id='line_1_30' title="bbox 0 0 1460 5002; baseline 0 0"><span class='ocrx_word' id='word_1_175' title='bbox 0 0 1460 5002; x_wconf 95' lang='lat' dir='ltr'> </span> 
     </span>
    </p>
   </div>
  </div>
 </body>
</html>
