2910 5002
253 445 318 509 366
527 443 697 510 PRECES
723 445 1042 512 QUOTIDIANAE.

255 618 480 682 confiteantur
501 615 573 679 Tibi
596 637 701 700 opera,
725 617 833 694 Deus;

339 745 384 807 Et
406 743 508 807 sancti
530 743 591 807 Tui
613 743 805 807 benedicant
828 742 909 809 Tibi.
957 745 1054 829 [Paul.
1079 746 1158 810 cxlv.
1184 746 1255 830 ln]
1329 750 1340 770 ⁸

253 871 353 954 Aperi
375 893 410 935 os
432 893 540 934 meum
563 870 603 933 ad
624 870 878 934 benedicendum
901 893 1021 937 nomen
1043 874 1147 937 'l'urun
1159 900 1170 953 3

427 994 577 1072 Domine,
600 994 685 1057 labia
706 1016 779 1058 mea
800 996 932 1078 aperies,

339 1125 383 1188 Et
397 1144 433 1187 os
446 1144 556 1186 meum
571 1122 781 1186 annunciabit
795 1123 924 1187 laudem
940 1124 1052 1189 Tuam
1071 1124 1171 1208 [Paul.
1188 1125 1224 1188 li.
1244 1124 1317 1208 lfa]

138 1242 140 1247 ’
254 1251 446 1314 Peccantem
469 1270 531 1328 me,
555 1249 704 1327 Domine,
729 1256 762 1313 et
785 1271 853 1313 non
874 1250 1097 1334 poenitentem,

340 1376 446 1440 acite
467 1397 596 1461 prorsus
618 1376 799 1460 indignum,

253 1505 391 1568 Deccret
414 1505 516 1588 magis
540 1526 647 1569 coram
670 1505 716 1569 Te
741 1506 848 1590 jacere
869 1510 1073 1589 prostratum,

340 1654 376 1695 ac
400 1654 473 1697 eum
496 1633 575 1697 fletu
598 1641 631 1696 et
654 1632 777 1716 gemitu

296 1767 507 1842 peccatorum,
522 1761 648 1824 veniam
670 1761 841 1842 postulare,
864 1783 961 1844 qnam
983 1761 1029 1824 Te

381 1908 436 1951 ore
458 1888 582 1971 polluto
602 1886 742 1951 laudare.

252 2012 449 2095 De'ingenti
470 2021 580 2076 tamen
601 2012 747 2076 bonitate
769 2013 839 2076 'Pua
862 2014 1010 2092 confisus
1034 2013 1085 2078 do.

338 2141 379 2219 0,
403 2141 526 2224 suscipe
548 2141 659 2204 laudes
682 2163 760 2224 quas
782 2141 952 2206 decantare
974 2141 1125 2207 desidero.

250 2270 321 2351 Ego
343 2268 497 2351 indignus
510 2276 676 2353 peccator,
699 2276 785 2332 certe
807 2268 972 2352 indignus,

337 2395 394 2460 sed
416 2396 540 2459 utinam
565 2396 699 2460 devotus
721 2403 754 2460 et
777 2396 849 2461 Tibi
872 2403 995 2480 grains,

253 2520 324 2584 Tibi
342 2523 461 2605 gratias
484 2545 553 2607 ego,
577 2524 623 2587 Te
645 2523 753 2600 adoro,
769 2523 875 2601 laudo,
894 2523 1058 2602 benedico,
1081 2520 1189 2607 Teque
1206 2522 1309 2607 glori-

335 2647 405 2710 fico.
444 2647 572 2731 Dignus
599 2669 642 2727 es,
670 2649 812 2713 Domine
834 2650 932 2728 Dens,
963 2649 1108 2733 accipere
1136 2648 1248 2714 laudes
1271 2655 1309 2712 et

334 2775 461 2858 gratias
513 2773 626 2860 [Apoc.
650 2776 691 2841 iv.
718 2776 784 2860 11.]

250 2903 357 2970 Quem
379 2924 438 2987 ego
460 2912 608 2987 peccator
629 2926 697 2968 non
727 2927 801 2969 snm
831 2905 949 2989 dignus
978 2905 1139 2984 invocare,
1160 2924 1222 2969 nec
1251 2902 1307 2968 vel

334 3030 512 3110 nominare,
536 3031 586 3095 vel
608 3029 643 3093 in
665 3031 760 3096 corde
783 3032 932 3116 cogitare.

247 3157 292 3221 Te
322 3157 446 3233 invoco,
483 3158 590 3237 adoro,
624 3161 670 3224 Te
703 3166 772 3225 toto
802 3160 907 3224 cordis
939 3159 1057 3223 affectu
1086 3177 1174 3223 nunc
1203 3164 1238 3220 et
1267 3155 1306 3219 in

333 3285 485 3349 saeculnm
507 3286 670 3351 benedic0.

670 3536 771 3598 Actus
793 3536 877 3617 Spei.

246 3669 286 3732 In
320 3669 374 3748 Te,
407 3671 557 3751 Domine,
595 3673 717 3756 speravi
728 3699 738 3750 3
770 3694 812 3736 ne
849 3673 1028 3738 confundar
1060 3673 1096 3738 in
1129 3680 1297 3740 aeternum.

335 3799 434 3882 [Paul.
459 3800 541 3863 xxxi.
568 3800 612 3883 1.]

157 4030 161 4035 -
246 3989 325 4070 Spes
347 4009 418 4051 mea
439 3945 473 4118 {

245 4178 429 4262 Requiescit
451 4199 525 4242 caro
547 4200 619 4243 mea
640 4180 675 4242 in
698 4201 763 4262 spe.
815 4182 917 4264 [Paul.
940 4182 1002 4247 xvi.
1026 4181 1073 4265 9.]

486 3927 525 3991 ab
549 3925 701 3991 uberibus
724 3927 848 4007 metris,
896 3927 996 4012 [Paul.
1020 3928 1095 3992 xxii.
1119 3926 1164 4012 9.]

485 4055 702 4137 ajuventnte.
751 4055 851 4138 [Psal.
875 4055 951 4119 lxxi.
975 4053 1019 4138 5.]

241 4304 386 4370 Verbum
402 4304 508 4371 Tuum
523 4307 557 4370 in
573 4328 636 4389 quo
651 4307 732 4370 mihi
747 4330 836 4392 spem
852 4309 978 4374 dedisti.
997 4311 1096 4394 [Paci.
1114 4310 1192 4375 cxix.
1204 4309 1295 4395 114]
