2910 5002
462 427 632 492 PRECES
657 428 972 494 QUOTIDIANAE.
1187 429 1249 492 183

404 597 664 664 Patriarcharum
686 599 971 665 honoratissimum
996 599 1162 673 Senatum,

402 727 638 812 Prophetarum
660 749 785 812 semper
807 727 1025 793 venerandum
1046 729 1205 808 Chorum,

403 855 633 939 Apostolorum
648 855 817 921 duodecim
832 840 1076 923 celeberrimum
1099 857 1238 937 Coetum,

403 983 692 1068 Evangelistarum,

405 1113 591 1198 Martyrum
612 1111 772 1196 inclytum
793 1111 992 1190 Exercitum,

406 1241 644 1319 Confesaorum,

406 1372 584 1434 Doctorum
607 1371 746 1447 Coetum,

406 1501 606 1577 Aacetarum,

407 1625 580 1710 Virginum
602 1623 886 1708 pulchritudinem,

408 1755 636 1820 Innocentium
659 1753 789 1817 deliciae
812 1752 936 1829 mnndi,

288 1883 410 1962 Fidem,
756 1880 878 1957 Zelum,

290 2013 396 2095 Spem,
415 2102 418 2109 ¹
758 2007 920 2083 Studium,

289 2139 440 2216 Labores,
757 2137 939 2220 Lacrymas,

289 2265 478 2342 Veritatem,
753 2262 944 2340 Puritatem,

292 2393 501 2476 Sanguinem,
756 2390 933 2466 Decorem;

250 2517 362 2581 Gloria
381 2514 453 2594 tibi,
476 2514 626 2593 Domine,
650 2513 751 2597 gloria
772 2512 843 2592 tibi,

193 2698 201 2711 .
334 2644 447 2709 Gloria
467 2642 538 2721 tibi,
561 2642 617 2725 qui
638 2641 709 2705 illos
731 2640 927 2725 glorificasti,

378 2773 414 2835 in
435 2771 551 2855 quibua
574 2778 607 2834 et
628 2791 688 2834 nos
709 2777 743 2833 te
765 2770 991 2853 glorificamus.

211 3001 335 3084 Magna
357 3006 390 3063 et
411 2997 570 3062 mirabilia
591 3003 666 3060 aunt
688 2986 784 3080 ope'ra
805 3004 872 3076 tna,

299 3127 449 3206 Domine,
472 3126 797 3208 Deus‘omnipotens.

209 3259 311 3323 Justae
333 3263 366 3320 et
388 3277 470 3320 verae
491 3260 567 3318 aunt
589 3254 650 3317 viae
671 3261 746 3331 tuae,

382 3386 453 3448 Rex
476 3385 680 3447 Sanctorum.

212 3511 293 3578 Quis
314 3531 382 3574 non
403 3509 531 3574 timebit
552 3517 595 3588 te,
619 3507 782 3572 Domine?

297 3645 330 3701 et
353 3635 572 3718 magnificabit
594 3656 714 3698 nomen
734 3635 852 3696 tuum?

384 3763 458 3846 quia
480 3762 565 3826 solua
588 3762 659 3845 pius
682 3782 725 3824 es.

256 3890 418 3958 Quoniam
439 3910 551 3953 omnes
574 3896 685 3971 gentes
707 3887 848 3962 venient,

299 4024 332 4080 et
354 4015 535 4081 adorabunt
557 4016 593 4079 in
615 4019 788 4097 conspectu
810 4019 878 4075 tuo.

258 4144 420 4211 Quoniam
439 4144 562 4227 judicia
583 4150 641 4207 tua
662 4142 832 4209 manifesta
854 4146 940 4204 sunt.
983 4139 1082 4220 Apoc.
1104 4158 1155 4201 xv.
1180 4139 1210 4214 3,
1233 4136 1266 4198 4.
