2910 5002
244 428 309 490 308
517 424 688 499 PREcns
709 426 1032 492 QUOTIDIANAE.

487 591 781 670 Benedictionibus,

332 738 388 802 per
409 738 521 783 omnes
542 719 661 801 gratias
683 727 715 783 et
737 720 957 784 miserationes

449 845 679 910 miraculorum
702 847 856 946 'duorum

570 975 716 1039 Duorum
738 975 930 1054 debitorum,
977 976 1065 1061 [Luc
1093 978 1144 1042 vii.
1167 978 1235 1062 41.]

570 1102 722 1167 Hominis
744 1102 955 1181 semimortui,
1002 1104 1089 1188 [Iaso.
1113 1127 1142 1170 x.
1167 1104 1234 1188 30.]

568 1231 736 1296 Publiceni
759 1241 792 1298 et
814 1233 976 1312 Pharisaei,
1024 1233 1111 1318 [Luc.
1128 1232 1212 1298 xviii.
1231 1234 1298 1319 10.]

569 1362 660 1426 Servi
681 1363 822 1441 obaerati,
870 1362 980 1446 [Matr.
1004 1361 1089 1426 xviii.
1113 1362 1179 1446 24]

567 1491 644 1556 Ovis
666 1491 812 1569 errantis,
860 1489 948 1573 [Lac
976 1510 1024 1553 xv.
1050 1489 1095 1573 de]

567 1619 739 1685 Drachmae
761 1617 947 1702 deperdita,
996 1617 1101 1702 [Vere.
1126 1620 1171 1704 8.]

567 1712 646 1810 niu
671 1744 806 1829 prodigi,
855 1744 959 1828 [Vera.
989 1745 1142 1830 11-ea.]

440 1902 443 1908 ·
566 1874 763 1938 Vocatorum
774 1872 855 1937 hora
864 1872 1042 1938 undecima
1055 1872 1163 1958 [Mart.
1175 1897 1224 1939 xx.
1237 1876 1286 1960 6.]

244 1420 307 1483 Pro
329 1420 490 1484 Parabolis

416 2125 478 2188 Pro
501 2125 703 2189 Sententiis:

119 2323 124 2338 ⁸
242 2253 319 2317 Non
335 2253 422 2316 enim
437 2252 525 2316 misit
537 2254 626 2318 Deus
638 2253 756 2317 Filium
771 2253 875 2343 Suum
888 2252 924 2316 in
938 2253 1107 2333 mundum,
1123 2260 1161 2317 ut
1172 2253 1298 2338 judicet

285 2380 453 2461 mundum,
467 2381 523 2446 sed
533 2390 571 2446 ut
582 2383 721 2446 salvetur
735 2380 875 2444 mundus
889 2401 947 2464 per
962 2381 1083 2465 Ipsum.
1111 2383 1161 2447 Jo.
1179 2382 1224 2447 iii.
1244 2384 1295 2450 17.

241 2512 320 2575 Non
341 2510 414 2574 veni
435 2518 472 2575 ut
497 2512 640 2596 judicem
663 2510 832 2590 mundum,
857 2509 913 2574 sed
935 2517 973 2574 ut
996 2511 1170 2577 salvificem
1200 2533 1297 2575 mun-

328 2635 415 2699 dum.
461 2637 511 2700 Jo.
534 2637 588 2700 xii.
611 2637 665 2701 47.

242 2765 320 2829 Non
342 2763 415 2827 veni
437 2784 549 2828 vocare
575 2765 690 2848 justos,
713 2761 768 2827 sed
791 2768 975 2845 peccatores
998 2761 1039 2825 ed
1060 2763 1295 2847 poenitentiam.

328 2891 426 2954 Mart.
450 2891 492 2956 ix.
519 2891 569 2955 13.

242 3019 341 3084 Filius
370 3017 511 3083 hominis
541 3039 607 3083 non
628 3017 717 3098 venit
746 3018 870 3082 animas
900 3018 1044 3104 perdere,
1075 3019 1132 3085 sed
1161 3021 1294 3086 salvam.

327 3146 405 3209 Lao.
428 3145 469 3208 ix
495 3148 547 3209 56.

243 3275 341 3339 Venit
363 3273 464 3337 Filius
486 3274 627 3338 hominis
649 3294 790 3374 quaerere
820 3280 853 3337 et
883 3273 1004 3338 salvare
1034 3272 1120 3358 quod
1148 3273 1294 3358 perierat.

327 3399 403 3462 Iaso.
427 3399 489 3464 xix.
514 3399 566 3463 10.

240 3526 1094 3612 EtdareanimamSunmredemptionempromultis.
1131 3530 1360 3594 Matt.xx.28.

239 3656 359 3720 Venite
389 3656 430 3721 ad
453 3655 511 3720 Me
540 3656 731 3740 omnesqui
754 3656 907 3721 laboratis
937 3665 970 3722 et
1000 3658 1125 3724 onerati
1154 3657 1241 3736 estis,
1264 3664 1298 3722 et

325 3785 397 3869 Ego
418 3784 559 3849 reficiam
580 3806 645 3849 voa
691 3785 789 3849 Mart.
813 3785 856 3848 xi.
881 3787 933 3849 28.
966 3766 979 3792 '

153 3899 159 3913 ⁶
238 3911 334 3989 Eum,
357 3910 413 3994 qui
433 3910 475 3974 ad
497 3911 556 3976 Me
577 3911 695 3990 veniet,
718 3933 784 3976 non
806 3911 932 3996 ejiciam
953 3911 1048 3975 foras.
1103 3912 1155 3976 Jo.
1178 3911 1219 3975 vi.
1243 3913 1296 3976 37.

238 4039 344 4114 Pater,
366 4037 494 4101 dimitte
516 4038 599 4117 illis3
625 4039 802 4104 nonenim
824 4039 932 4102 sciunt
955 4061 1026 4123 quae
1048 4039 1181 4106 faciunt
1219 4039 1297 4104 Luc.

324 4163 411 4227 xxiii.
436 4167 488 4228 34.

239 4289 345 4355 Hodie
369 4289 502 4354 Mecum
524 4291 587 4355 eris
609 4291 645 4355 in
667 4291 830 4356 Paradiso.
885 4296 971 4358 Vera
994 4295 1047 4358 43.

237 4417 320 4484 Volo
342 4418 514 4484 novissimo
536 4419 611 4483 huic
634 4419 720 4500 dare,
743 4419 828 4484 sicut
851 4428 883 4485 et
906 4421 975 4486 tibi.
1023 4423 1123 4487 Mart.
1146 4444 1198 4484 xx.
1224 4422 1275 4484 14.
