2910 5002
197 411 241 473 34
476 410 613 473 ΕΤΧΑΙ
639 412 979 476 ΚΑΘΗΜΕΡΙΝΑΙ.

326 578 477 651 Ἥτασάς
498 607 540 664 με
562 581 605 648 ὦν
625 583 777 671 ἥμαρτον.

200 706 267 772 Καὶ
288 705 322 771 τί
342 707 382 772 ἂν
403 707 483 773 εἰπῶ
505 713 583 786 νῦν,·
605 708 625 794 ἢ
649 711 683 777 ἐν
703 711 767 776 τίνι

244 833 359 917 ἅνοίξω
381 835 418 901 τὸ
439 835 547 919 στόμα
568 862 631 918 μου
641 864 653 912 ‚·

194 962 243 1053 ΙΤί
262 961 301 1028 ἂν
322 963 566 1052 ἀποκρινοῦμαι,
589 963 639 1030 ὅτι
660 962 755 1036 αὐτὸς
778 966 940 1046 ἕποίησα,·

203 1091 479 1180 Ἀπροφάσιστος,
525 1092 775 1176 ἀναπολόγητος,
820 1094 1093 1182 αὐτοκατάκριτος

291 1220 365 1303 εἰμί.

200 1348 244 1413 Ἥ
267 1347 430 1435 διαφθορά
450 1376 512 1431 μου
535 1350 609 1431 ἐμοί
629 1351 701 1414 ἐστι
723 1348 799 1436 παρ’
824 1350 911 1431 ἐμοῦ.

333 1475 401 1556 Σοὶ,
420 1475 535 1561 Κύριε,
558 1474 755 1554 δικαιοσύνη,

295 1603 362 1668 Καὶ
383 1603 453 1685 ἐμοὶ
475 1602 615 1691 αἰσχύνη
637 1606 693 1668 τοῦ
715 1602 902 1690 προσώπου.

380 1729 451 1794 Καί
470 1756 513 1794 συ
535 1729 654 1800 δίκαιος
676 1727 705 1794 εί

294 1857 373 1923 Ἐπὶ
394 1862 480 1924 πᾶσι
501 1863 566 1929 τοῖς
589 1858 771 1947 ἐρχομένοις
794 1857 844 1923 ἐπ’
869 1858 932 1939 ἐμὲ,

371 1984 455 2050 Ὅτι
478 1984 635 2067 ἀλήθειαν
656 1985 820 2063 ἐποίησας,

470 2113 538 2178 Καὶ
560 2111 623 2195 ἐγώ
636 2113 786 2196 ἥμαρτον.

215 2236 280 2301 Καὶ
304 2240 366 2312 νῦν,
390 2239 438 2309 τίς
460 2239 605 2322 ὑπομονὴ
626 2264 688 2320 μου
700 2265 710 2312 ,·

385 2365 479 2454 Οὐχί
499 2392 552 2444 σν,
577 2365 699 2452 lapte,-

254 2496 331 2562 Ναί·
361 2496 382 2578 ἡ
406 2495 588 2566 ὑπόστασίς
609 2522 671 2578 μου
693 2496 784 2583 παρὰ
807 2500 866 2561 σοῦ
890 2496 987 2561 ἐστίν.

296 2623 339 2690 Εἰ
359 2624 431 2690 ἔστι
452 2653 507 2706 μοι
530 2624 691 2712 σωτηρίας
713 2624 817 2703 ἐλπὶς,

300 2749 342 2813 Εἰ
363 2753 436 2838 νικᾷ
457 2750 478 2831 ἡ
502 2749 734 2836 φιλανθρωπία
756 2775 817 2813 σου

386 2876 435 2940 Τὰ
456 2875 568 2956 πλήθη
591 2878 654 2939 τῶν
676 2873 812 2956 ἀνομιῶν
833 2899 904 2956 μου,

216 3003 402 3084 Μνήσθητι,
426 3005 474 3074 τίς
494 3029 557 3087 μου
578 3001 769 3076 ὑπόστασις,
880 3000 887 3013 ’

467 3131 549 3196 Ὅτι
570 3132 663 3218 ἔργον
684 3133 802 3218 χειρῶν
825 3156 895 3207 σου,

476 3259 580 3326 Εἰκών
601 3259 790 3347 προσώπου,

477 3386 606 3456 Μισθὸς
628 3387 769 3470 αἵματος,

472 3512 600 3596 Ὄνομα
622 3515 659 3597 ἐξ
679 3513 839 3597 ὀνόματος,

477 3639 652 3728 Πρόβοτον
673 3645 768 3725 νομῆς
790 3669 858 3717 σου,

479 3768 555 3839 Τίὸς
577 3768 739 3853 διαθήκης.

219 3897 269 3961 Τὰ
290 3897 368 3981 ἔργα
390 3900 453 3963 τῶν
473 3902 589 3985 χειρῶν
610 3925 671 3964 σου
691 3898 736 3981 μὴ
758 3898 899 3987 ποριθῃτ.

266 4025 334 4109 Τὴν
356 4025 461 4092 εἰκόνα
483 4027 545 4109 σὴν
566 4028 620 4091 καὶ
642 4026 787 4108 ὁμοίωμα

261 4152 308 4217 Ἠ
333 4154 387 4218 ἐπὶ
409 4154 535 4236 ματαίῳ
558 4151 727 4227 ἕκτισας;Ι

265 4279 342 4345 Ἐπὶ
363 4282 490 4364 ματαίῳ
514 4280 569 4344 ἐὰν
590 4279 724 4364 ἀπολῇς.
