<?xml version="1.0" encoding="UTF-8"?>
<!DOCTYPE html PUBLIC "-//W3C//DTD XHTML 1.0 Transitional//EN"
    "http://www.w3.org/TR/xhtml1/DTD/xhtml1-transitional.dtd">
<html xmlns="http://www.w3.org/1999/xhtml" xml:lang="en" lang="en">
 <head>
  <title>
</title>
<meta http-equiv="Content-Type" content="text/html;charset=utf-8" />
  <meta name='ocr-system' content='tesseract 3.04.00' />
  <meta name='ocr-capabilities' content='ocr_page ocr_carea ocr_par ocr_line ocrx_word'/>
</head>
<body>
  <div class='ocr_page' id='page_1' title='image "./precesprivataeq00andrgoog_0459.png"; bbox 0 0 2910 5002; ppageno 0'>
   <div class='ocr_carea' id='block_1_1' title="bbox 266 425 1064 492">
    <p class='ocr_par' dir='ltr' id='par_1_1' title="bbox 266 425 1064 492">
     <span class='ocr_line' id='line_1_1' title="bbox 266 425 1064 492; baseline 0.005 -6"><span class='ocrx_word' id='word_1_1' title='bbox 266 425 333 486; x_wconf 76' lang='lat'><strong>416</strong></span> <span class='ocrx_word' id='word_1_2' title='bbox 549 425 718 489; x_wconf 83' lang='lat' dir='ltr'>PRECES</span> <span class='ocrx_word' id='word_1_3' title='bbox 746 425 1064 492; x_wconf 76' lang='lat' dir='ltr'><strong>QUOTIDIANAE.</strong></span> 
     </span>
    </p>
   </div>
   <div class='ocr_carea' id='block_1_2' title="bbox 525 596 1336 811">
    <p class='ocr_par' dir='ltr' id='par_1_2' title="bbox 525 596 1336 811">
     <span class='ocr_line' id='line_1_2' title="bbox 525 596 1336 683; baseline 0.004 -24"><span class='ocrx_word' id='word_1_4' title='bbox 525 597 580 680; x_wconf 90' lang='lat' dir='ltr'><strong>qui</strong></span> <span class='ocrx_word' id='word_1_5' title='bbox 611 597 752 661; x_wconf 82' lang='lat' dir='ltr'>custodit</span> <span class='ocrx_word' id='word_1_6' title='bbox 782 597 1033 662; x_wconf 87' lang='lat' dir='ltr'><strong>misericordiam</strong></span> <span class='ocrx_word' id='word_1_7' title='bbox 1065 599 1099 661; x_wconf 93' lang='lat' dir='ltr'><strong>in</strong></span> <span class='ocrx_word' id='word_1_8' title='bbox 1130 599 1242 678; x_wconf 89' lang='lat' dir='ltr'><strong>millia,</strong></span> <span class='ocrx_word' id='word_1_9' title='bbox 1277 596 1336 683; x_wconf 92' lang='lat' dir='ltr'><strong>qui</strong></span> 
     </span>
     <span class='ocr_line' id='line_1_3' title="bbox 527 725 1071 811; baseline 0.006 -23"><span class='ocrx_word' id='word_1_10' title='bbox 527 725 632 789; x_wconf 78' lang='lat' dir='ltr'><strong>aufert</strong></span> <span class='ocrx_word' id='word_1_11' title='bbox 657 725 864 811; x_wconf 88' lang='lat' dir='ltr'><strong>iniquitatem</strong></span> <span class='ocrx_word' id='word_1_12' title='bbox 886 731 919 789; x_wconf 89' lang='lat' dir='ltr'><strong>et</strong></span> <span class='ocrx_word' id='word_1_13' title='bbox 941 726 1071 791; x_wconf 90' lang='lat' dir='ltr'><strong>scelera.</strong></span> 
     </span>
    </p>
   </div>
   <div class='ocr_carea' id='block_1_3' title="bbox 269 852 1334 941">
    <p class='ocr_par' dir='ltr' id='par_1_3' title="bbox 269 852 1334 941">
     <span class='ocr_line' id='line_1_4' title="bbox 269 852 1334 941; baseline 0.006 -27"><span class='ocrx_word' id='word_1_14' title='bbox 269 852 362 915; x_wconf 83' lang='lat' dir='ltr'><strong>Nam.</strong></span> <span class='ocrx_word' id='word_1_15' title='bbox 386 852 448 918; x_wconf 84' lang='lat' dir='ltr'><strong>xiv.</strong></span> <span class='ocrx_word' id='word_1_16' title='bbox 473 857 502 919; x_wconf 85' lang='lat'><strong>7.</strong></span> <span class='ocrx_word' id='word_1_17' title='bbox 551 854 677 937; x_wconf 85' lang='lat' dir='ltr'><strong>Perque</strong></span> <span class='ocrx_word' id='word_1_18' title='bbox 698 855 782 919; x_wconf 89' lang='lat' dir='ltr'><strong>hane</strong></span> <span class='ocrx_word' id='word_1_19' title='bbox 802 854 905 937; x_wconf 80' lang='lat' dir='ltr'><strong>ipsam</strong></span> <span class='ocrx_word' id='word_1_20' title='bbox 920 874 1032 918; x_wconf 88' lang='lat' dir='ltr'><strong>vocem</strong></span> <span class='ocrx_word' id='word_1_21' title='bbox 1047 856 1150 919; x_wconf 82' lang='lat' dir='ltr'><strong>Tuam</strong></span> <span class='ocrx_word' id='word_1_22' title='bbox 1171 855 1334 941; x_wconf 80' lang='lat' dir='ltr'><strong>adjuravit</strong></span> 
     </span>
    </p>
   </div>
   <div class='ocr_carea' id='block_1_4' title="bbox 526 979 1266 1065">
    <p class='ocr_par' dir='ltr' id='par_1_4' title="bbox 526 979 1266 1065">
     <span class='ocr_line' id='line_1_5' title="bbox 526 979 1266 1065; baseline 0.005 -22"><span class='ocrx_word' id='word_1_23' title='bbox 526 980 571 1044; x_wconf 78' lang='lat' dir='ltr'><strong>&#39;l&#39;e</strong></span> <span class='ocrx_word' id='word_1_24' title='bbox 594 986 706 1062; x_wconf 87' lang='lat' dir='ltr'><strong>postea</strong></span> <span class='ocrx_word' id='word_1_25' title='bbox 729 980 849 1057; x_wconf 91' lang='lat' dir='ltr'><strong>Moses,</strong></span> <span class='ocrx_word' id='word_1_26' title='bbox 871 986 910 1043; x_wconf 94' lang='lat' dir='ltr'><strong>ut</strong></span> <span class='ocrx_word' id='word_1_27' title='bbox 930 979 1114 1062; x_wconf 76' lang='lat' dir='ltr'>ignosceres</span> <span class='ocrx_word' id='word_1_28' title='bbox 1136 983 1266 1065; x_wconf 89' lang='lat' dir='ltr'><strong>populo.</strong></span> 
     </span>
    </p>
   </div>
   <div class='ocr_carea' id='block_1_5' title="bbox 267 1295 1326 1746">
    <p class='ocr_par' dir='ltr' id='par_1_5' title="bbox 267 1295 1326 1746">
     <span class='ocr_line' id='line_1_6' title="bbox 267 1295 905 1376; baseline 0.005 -18"><span class='ocrx_word' id='word_1_29' title='bbox 267 1298 296 1358; x_wconf 89' lang='lat'><strong>8.</strong></span> <span class='ocrx_word' id='word_1_30' title='bbox 321 1295 454 1360; x_wconf 87' lang='lat' dir='ltr'><strong>Audent</strong></span> <span class='ocrx_word' id='word_1_31' title='bbox 475 1317 551 1359; x_wconf 83' lang='lat' dir='ltr'><strong>vero</strong></span> <span class='ocrx_word' id='word_1_32' title='bbox 573 1295 684 1359; x_wconf 80' lang='lat' dir='ltr'><strong>Esaias</strong></span> <span class='ocrx_word' id='word_1_33' title='bbox 706 1303 740 1359; x_wconf 92' lang='lat' dir='ltr'><strong>et</strong></span> <span class='ocrx_word' id='word_1_34' title='bbox 762 1295 905 1376; x_wconf 78' lang='lat' dir='ltr'><strong>Abacuc,</strong></span> 
     </span>
     <span class='ocr_line' id='line_1_7' title="bbox 353 1423 1326 1510; baseline 0.002 -23"><span class='ocrx_word' id='word_1_35' title='bbox 353 1431 484 1508; x_wconf 89' lang='lat' dir='ltr'><strong>propter</strong></span> <span class='ocrx_word' id='word_1_36' title='bbox 508 1423 570 1488; x_wconf 89' lang='lat' dir='ltr'><strong>hoc</strong></span> <span class='ocrx_word' id='word_1_37' title='bbox 592 1424 707 1502; x_wconf 76' lang='lat' dir='ltr'><strong>Tuum,</strong></span> <span class='ocrx_word' id='word_1_38' title='bbox 730 1424 874 1488; x_wconf 85' lang='lat' dir='ltr'><strong>misereri</strong></span> <span class='ocrx_word' id='word_1_39' title='bbox 900 1446 980 1508; x_wconf 92' lang='lat' dir='ltr'><strong>opus</strong></span> <span class='ocrx_word' id='word_1_40' title='bbox 1012 1426 1119 1490; x_wconf 79' lang='lat' dir='ltr'><strong>Tuum</strong></span> <span class='ocrx_word' id='word_1_41' title='bbox 1146 1427 1326 1510; x_wconf 89' lang='lat' dir='ltr'><strong>appellare:</strong></span> 
     </span>
     <span class='ocr_line' id='line_1_8' title="bbox 353 1551 1185 1638; baseline 0.002 -22"><span class='ocrx_word' id='word_1_42' title='bbox 353 1554 404 1617; x_wconf 85' lang='lat' dir='ltr'><strong>Ac</strong></span> <span class='ocrx_word' id='word_1_43' title='bbox 426 1553 453 1616; x_wconf 91' lang='lat' dir='ltr'><strong>si</strong></span> <span class='ocrx_word' id='word_1_44' title='bbox 474 1551 589 1636; x_wconf 90' lang='lat' dir='ltr'><strong>punire</strong></span> <span class='ocrx_word' id='word_1_45' title='bbox 610 1558 644 1616; x_wconf 88' lang='lat' dir='ltr'><strong>et</strong></span> <span class='ocrx_word' id='word_1_46' title='bbox 665 1552 804 1636; x_wconf 84' lang='lat' dir='ltr'>plectere</span> <span class='ocrx_word' id='word_1_47' title='bbox 826 1572 906 1638; x_wconf 90' lang='lat' dir='ltr'><strong>opus</strong></span> <span class='ocrx_word' id='word_1_48' title='bbox 929 1553 1070 1619; x_wconf 86' lang='lat' dir='ltr'><strong>alienum</strong></span> <span class='ocrx_word' id='word_1_49' title='bbox 1092 1553 1185 1633; x_wconf 84' lang='lat' dir='ltr'><strong>foret,</strong></span> 
     </span>
     <span class='ocr_line' id='line_1_9' title="bbox 352 1681 878 1746; baseline 0 -2"><span class='ocrx_word' id='word_1_50' title='bbox 352 1690 386 1744; x_wconf 93' lang='lat' dir='ltr'><strong>et</strong></span> <span class='ocrx_word' id='word_1_51' title='bbox 410 1681 585 1745; x_wconf 85' lang='lat' dir='ltr'><strong>abhorrens</strong></span> <span class='ocrx_word' id='word_1_52' title='bbox 608 1681 648 1745; x_wconf 90' lang='lat' dir='ltr'><strong>ab</strong></span> <span class='ocrx_word' id='word_1_53' title='bbox 670 1682 778 1745; x_wconf 92' lang='lat' dir='ltr'><strong>indole</strong></span> <span class='ocrx_word' id='word_1_54' title='bbox 801 1683 878 1746; x_wconf 77' lang='lat' dir='ltr'><strong>Tua.</strong></span> 
     </span>
    </p>
   </div>
   <div class='ocr_carea' id='block_1_6' title="bbox 264 1993 1311 2204">
    <p class='ocr_par' dir='ltr' id='par_1_6' title="bbox 264 1993 1311 2204">
     <span class='ocr_line' id='line_1_10' title="bbox 264 1993 1009 2078; baseline 0 -20"><span class='ocrx_word' id='word_1_55' title='bbox 264 1998 296 2058; x_wconf 89' lang='lat'><strong>9.</strong></span> <span class='ocrx_word' id='word_1_56' title='bbox 320 1993 435 2077; x_wconf 88' lang='lat' dir='ltr'><strong>Neque</strong></span> <span class='ocrx_word' id='word_1_57' title='bbox 457 2013 532 2058; x_wconf 88' lang='lat' dir='ltr'><strong>vero</strong></span> <span class='ocrx_word' id='word_1_58' title='bbox 553 1994 606 2058; x_wconf 83' lang='lat' dir='ltr'><strong>lex</strong></span> <span class='ocrx_word' id='word_1_59' title='bbox 628 2001 661 2058; x_wconf 85' lang='lat' dir='ltr'><strong>et</strong></span> <span class='ocrx_word' id='word_1_60' title='bbox 683 1994 847 2078; x_wconf 76' lang='lat' dir='ltr'><strong>prophetae</strong></span> <span class='ocrx_word' id='word_1_61' title='bbox 868 2000 1009 2072; x_wconf 89' lang='lat' dir='ltr'><strong>tantum,</strong></span> 
     </span>
     <span class='ocr_line' id='line_1_11' title="bbox 351 2117 1311 2204; baseline 0.002 -23"><span class='ocrx_word' id='word_1_62' title='bbox 351 2125 467 2182; x_wconf 90' lang='lat' dir='ltr'><strong>natura</strong></span> <span class='ocrx_word' id='word_1_63' title='bbox 487 2118 558 2202; x_wconf 89' lang='lat' dir='ltr'><strong>ipsa</strong></span> <span class='ocrx_word' id='word_1_64' title='bbox 578 2118 640 2182; x_wconf 91' lang='lat' dir='ltr'><strong>hoc</strong></span> <span class='ocrx_word' id='word_1_65' title='bbox 660 2117 819 2204; x_wconf 79' lang='lat' dir='ltr'><strong>persuasit</strong></span> <span class='ocrx_word' id='word_1_66' title='bbox 844 2118 938 2195; x_wconf 88' lang='lat' dir='ltr'>Jobo‚</span> <span class='ocrx_word' id='word_1_67' title='bbox 958 2119 1058 2182; x_wconf 90' lang='lat' dir='ltr'><strong>ductu</strong></span> <span class='ocrx_word' id='word_1_68' title='bbox 1078 2118 1217 2202; x_wconf 84' lang='lat' dir='ltr'><strong>Spiritus</strong></span> <span class='ocrx_word' id='word_1_69' title='bbox 1238 2119 1311 2183; x_wconf 79' lang='lat' dir='ltr'><strong>Tui.</strong></span> 
     </span>
    </p>
   </div>
   <div class='ocr_carea' id='block_1_7' title="bbox 261 2245 1229 3603">
    <p class='ocr_par' dir='ltr' id='par_1_7' title="bbox 261 2245 1229 2712">
     <span class='ocr_line' id='line_1_12' title="bbox 261 2245 1218 2330; baseline 0.001 -21"><span class='ocrx_word' id='word_1_70' title='bbox 261 2246 331 2310; x_wconf 77' lang='lat' dir='ltr'><strong>Joc.</strong></span> <span class='ocrx_word' id='word_1_71' title='bbox 355 2246 461 2310; x_wconf 80' lang='lat' dir='ltr'><strong>xxxiii.</strong></span> <span class='ocrx_word' id='word_1_72' title='bbox 484 2247 537 2310; x_wconf 80' lang='lat'><strong>23.</strong></span> <span class='ocrx_word' id='word_1_73' title='bbox 569 2246 604 2309; x_wconf 90' lang='lat' dir='ltr'><strong>Si</strong></span> <span class='ocrx_word' id='word_1_74' title='bbox 626 2245 726 2310; x_wconf 86' lang='lat' dir='ltr'><strong>fuerit</strong></span> <span class='ocrx_word' id='word_1_75' title='bbox 748 2266 823 2310; x_wconf 91' lang='lat' dir='ltr'><strong>cum</strong></span> <span class='ocrx_word' id='word_1_76' title='bbox 845 2267 883 2312; x_wconf 89' lang='lat' dir='ltr'><strong>eo</strong></span> <span class='ocrx_word' id='word_1_77' title='bbox 905 2246 1051 2329; x_wconf 84' lang='lat' dir='ltr'><strong>Angelus</strong></span> <span class='ocrx_word' id='word_1_78' title='bbox 1073 2247 1218 2330; x_wconf 89' lang='lat' dir='ltr'><strong>loquens,</strong></span> 
     </span>
     <span class='ocr_line' id='line_1_13' title="bbox 478 2372 1191 2452; baseline 0.003 -15"><span class='ocrx_word' id='word_1_79' title='bbox 478 2395 563 2437; x_wconf 90' lang='lat' dir='ltr'><strong>nnus</strong></span> <span class='ocrx_word' id='word_1_80' title='bbox 585 2373 625 2438; x_wconf 90' lang='lat' dir='ltr'><strong>de</strong></span> <span class='ocrx_word' id='word_1_81' title='bbox 647 2373 799 2452; x_wconf 86' lang='lat' dir='ltr'><strong>millibus,</strong></span> <span class='ocrx_word' id='word_1_82' title='bbox 814 2381 852 2437; x_wconf 91' lang='lat' dir='ltr'><strong>ut</strong></span> <span class='ocrx_word' id='word_1_83' title='bbox 867 2373 1041 2438; x_wconf 88' lang='lat' dir='ltr'><strong>annuntiet</strong></span> <span class='ocrx_word' id='word_1_84' title='bbox 1064 2372 1191 2439; x_wconf 90' lang='lat' dir='ltr'><strong>homini</strong></span> 
     </span>
     <span class='ocr_line' id='line_1_14' title="bbox 478 2501 781 2578; baseline 0.003 -14"><span class='ocrx_word' id='word_1_85' title='bbox 478 2501 644 2566; x_wconf 88' lang='lat' dir='ltr'><strong>Justitiam</strong></span> <span class='ocrx_word' id='word_1_86' title='bbox 667 2501 781 2578; x_wconf 78' lang='lat' dir='ltr'><strong>Tuam,</strong></span> 
     </span>
     <span class='ocr_line' id='line_1_15' title="bbox 477 2627 1229 2712; baseline -0.001 -17"><span class='ocrx_word' id='word_1_87' title='bbox 477 2627 686 2695; x_wconf 89' lang='lat' dir='ltr'><strong>Miserebitur</strong></span> <span class='ocrx_word' id='word_1_88' title='bbox 708 2629 787 2712; x_wconf 89' lang='lat' dir='ltr'><strong>ejus,</strong></span> <span class='ocrx_word' id='word_1_89' title='bbox 810 2636 844 2692; x_wconf 93' lang='lat' dir='ltr'><strong>et</strong></span> <span class='ocrx_word' id='word_1_90' title='bbox 874 2628 969 2708; x_wconf 86' lang='lat' dir='ltr'><strong>dicet,</strong></span> <span class='ocrx_word' id='word_1_91' title='bbox 1003 2628 1121 2694; x_wconf 86' lang='lat' dir='ltr'><strong>Libera</strong></span> <span class='ocrx_word' id='word_1_92' title='bbox 1143 2649 1229 2709; x_wconf 88' lang='lat' dir='ltr'><strong>eum,</strong></span> 
     </span>
    </p>

    <p class='ocr_par' dir='ltr' id='par_1_8' title="bbox 262 2756 1203 3603">
     <span class='ocr_line' id='line_1_16' title="bbox 561 2756 1128 2841; baseline 0.005 -22"><span class='ocrx_word' id='word_1_93' title='bbox 561 2777 603 2820; x_wconf 94' lang='lat' dir='ltr'><strong>ne</strong></span> <span class='ocrx_word' id='word_1_94' title='bbox 625 2756 798 2820; x_wconf 84' lang='lat' dir='ltr'><strong>descendat</strong></span> <span class='ocrx_word' id='word_1_95' title='bbox 819 2757 854 2820; x_wconf 92' lang='lat' dir='ltr'><strong>in</strong></span> <span class='ocrx_word' id='word_1_96' title='bbox 868 2756 1128 2841; x_wconf 68' lang='lat' dir='ltr'><strong>corruptionem</strong></span> 
     </span>
     <span class='ocr_line' id='line_1_17' title="bbox 477 2883 1100 2969; baseline 0 -21"><span class='ocrx_word' id='word_1_97' title='bbox 477 2883 592 2948; x_wconf 83' lang='lat' dir='ltr'><strong>Inveni</strong></span> <span class='ocrx_word' id='word_1_98' title='bbox 614 2884 712 2962; x_wconf 89' lang='lat' dir='ltr'><strong>enim,</strong></span> <span class='ocrx_word' id='word_1_99' title='bbox 735 2884 772 2947; x_wconf 89' lang='lat' dir='ltr'><strong>in</strong></span> <span class='ocrx_word' id='word_1_100' title='bbox 795 2905 858 2969; x_wconf 91' lang='lat' dir='ltr'><strong>quc</strong></span> <span class='ocrx_word' id='word_1_101' title='bbox 881 2886 911 2948; x_wconf 93' lang='lat' dir='ltr'><strong>ei</strong></span> <span class='ocrx_word' id='word_1_102' title='bbox 933 2883 1100 2969; x_wconf 85' lang='lat' dir='ltr'><strong>propitier.</strong></span> 
     </span>
     <span class='ocr_line' id='line_1_18' title="bbox 477 3009 1003 3094; baseline -0.006 -18"><span class='ocrx_word' id='word_1_103' title='bbox 477 3010 560 3075; x_wconf 76' lang='lat' dir='ltr'><strong>&#39;lum</strong></span> <span class='ocrx_word' id='word_1_104' title='bbox 583 3009 805 3094; x_wconf 86' lang='lat' dir='ltr'><strong>deprecabitur</strong></span> <span class='ocrx_word' id='word_1_105' title='bbox 827 3011 945 3089; x_wconf 89' lang='lat' dir='ltr'><strong>Deum,</strong></span> <span class='ocrx_word' id='word_1_106' title='bbox 969 3018 1003 3073; x_wconf 86' lang='lat' dir='ltr'><strong>et</strong></span> 
     </span>
     <span class='ocr_line' id='line_1_19' title="bbox 607 3137 866 3223; baseline 0 -21"><span class='ocrx_word' id='word_1_107' title='bbox 607 3137 774 3223; x_wconf 85' lang='lat' dir='ltr'><strong>placabilis</strong></span> <span class='ocrx_word' id='word_1_108' title='bbox 795 3138 866 3203; x_wconf 70' lang='lat' dir='ltr'><strong>erit.</strong></span> 
     </span>
     <span class='ocr_line' id='line_1_20' title="bbox 262 3264 1203 3349; baseline -0.007 -15"><span class='ocrx_word' id='word_1_109' title='bbox 262 3270 347 3334; x_wconf 82' lang='lat' dir='ltr'><strong>Paul.</strong></span> <span class='ocrx_word' id='word_1_110' title='bbox 370 3266 474 3331; x_wconf 82' lang='lat' dir='ltr'><strong>xxxiv.</strong></span> <span class='ocrx_word' id='word_1_111' title='bbox 498 3269 528 3330; x_wconf 90' lang='lat'><strong>6.</strong></span> <span class='ocrx_word' id='word_1_112' title='bbox 562 3267 701 3331; x_wconf 80' lang='lat' dir='ltr'><strong>Gustata</strong></span> <span class='ocrx_word' id='word_1_113' title='bbox 723 3273 757 3330; x_wconf 91' lang='lat' dir='ltr'><strong>et</strong></span> <span class='ocrx_word' id='word_1_114' title='bbox 779 3264 884 3330; x_wconf 87' lang='lat' dir='ltr'><strong>videte</strong></span> <span class='ocrx_word' id='word_1_115' title='bbox 907 3286 1005 3349; x_wconf 90' lang='lat' dir='ltr'><strong>qnam</strong></span> <span class='ocrx_word' id='word_1_116' title='bbox 1026 3264 1131 3329; x_wconf 84' lang='lat' dir='ltr'><strong>suavis</strong></span> <span class='ocrx_word' id='word_1_117' title='bbox 1152 3271 1203 3328; x_wconf 90' lang='lat' dir='ltr'><strong>est</strong></span> 
     </span>
     <span class='ocr_line' id='line_1_21' title="bbox 649 3393 827 3457; baseline 0 0"><span class='ocrx_word' id='word_1_118' title='bbox 649 3393 827 3457; x_wconf 90' lang='lat' dir='ltr'><strong>Dominus:</strong></span> 
     </span>
     <span class='ocr_line' id='line_1_22' title="bbox 263 3519 1109 3603; baseline 0 -18"><span class='ocrx_word' id='word_1_119' title='bbox 263 3523 279 3585; x_wconf 93' lang='lat' dir='ltr'><strong>l</strong></span> <span class='ocrx_word' id='word_1_120' title='bbox 304 3523 373 3585; x_wconf 82' lang='lat' dir='ltr'><strong>Pet.</strong></span> <span class='ocrx_word' id='word_1_121' title='bbox 396 3521 429 3584; x_wconf 86' lang='lat' dir='ltr'><strong>ii</strong></span> <span class='ocrx_word' id='word_1_122' title='bbox 453 3522 484 3584; x_wconf 88' lang='grc'><strong>3.</strong></span> <span class='ocrx_word' id='word_1_123' title='bbox 571 3519 692 3584; x_wconf 88' lang='lat' dir='ltr'><strong>Beatus</strong></span> <span class='ocrx_word' id='word_1_124' title='bbox 713 3519 763 3582; x_wconf 88' lang='lat' dir='ltr'><strong>vir</strong></span> <span class='ocrx_word' id='word_1_125' title='bbox 785 3520 839 3602; x_wconf 89' lang='lat' dir='ltr'><strong>qui</strong></span> <span class='ocrx_word' id='word_1_126' title='bbox 863 3527 970 3603; x_wconf 88' lang='lat' dir='ltr'><strong>sperat</strong></span> <span class='ocrx_word' id='word_1_127' title='bbox 991 3520 1028 3584; x_wconf 91' lang='lat' dir='ltr'><strong>in</strong></span> <span class='ocrx_word' id='word_1_128' title='bbox 1048 3519 1109 3585; x_wconf 84' lang='lat' dir='ltr'><strong>Eo.</strong></span> 
     </span>
    </p>
   </div>
   <div class='ocr_carea' id='block_1_8' title="bbox 618 3937 954 3986">
    <p class='ocr_par' dir='ltr' id='par_1_9' title="bbox 618 3937 954 3986">
     <span class='ocr_line' id='line_1_23' title="bbox 618 3937 954 3986; baseline -0.003 -1"><span class='ocrx_word' id='word_1_129' title='bbox 618 3937 847 3985; x_wconf 76' lang='lat' dir='ltr'><strong>Misnulooltnln</strong></span> <span class='ocrx_word' id='word_1_130' title='bbox 869 3937 954 3986; x_wconf 65' lang='lat' dir='ltr'><strong>Esus,</strong></span> 
     </span>
    </p>
   </div>
   <div class='ocr_carea' id='block_1_9' title="bbox 260 4058 688 4136">
    <p class='ocr_par' dir='ltr' id='par_1_10' title="bbox 260 4058 688 4136">
     <span class='ocr_line' id='line_1_24' title="bbox 260 4058 688 4136; baseline -0.002 -14"><span class='ocrx_word' id='word_1_131' title='bbox 260 4062 347 4123; x_wconf 81' lang='lat' dir='ltr'><strong>Pcal.</strong></span> <span class='ocrx_word' id='word_1_132' title='bbox 372 4060 431 4123; x_wconf 86' lang='lat' dir='ltr'><strong>cix.</strong></span> <span class='ocrx_word' id='word_1_133' title='bbox 455 4060 508 4122; x_wconf 83' lang='lat'><strong>20.</strong></span> <span class='ocrx_word' id='word_1_134' title='bbox 564 4058 688 4136; x_wconf 85' lang='lat' dir='ltr'><strong>Suavis,</strong></span> 
     </span>
    </p>
   </div>
   <div class='ocr_carea' id='block_1_10' title="bbox 369 4183 777 4376">
    <p class='ocr_par' dir='ltr' id='par_1_11' title="bbox 369 4183 777 4376">
     <span class='ocr_line' id='line_1_25' title="bbox 371 4183 684 4263; baseline -0.006 -15"><span class='ocrx_word' id='word_1_135' title='bbox 371 4184 447 4248; x_wconf 87' lang='lat' dir='ltr'><strong>lxix.</strong></span> <span class='ocrx_word' id='word_1_136' title='bbox 472 4183 522 4251; x_wconf 76' lang='lat'><strong>17.</strong></span> <span class='ocrx_word' id='word_1_137' title='bbox 561 4184 684 4263; x_wconf 88' lang='lat' dir='ltr'><strong>Dulcis,</strong></span> 
     </span>
     <span class='ocr_line' id='line_1_26' title="bbox 369 4311 777 4376; baseline -0.002 -1"><span class='ocrx_word' id='word_1_138' title='bbox 369 4312 447 4376; x_wconf 83' lang='lat' dir='ltr'><strong>lxiii.</strong></span> <span class='ocrx_word' id='word_1_139' title='bbox 471 4316 500 4374; x_wconf 68' lang='lat'><strong>4·</strong></span> <span class='ocrx_word' id='word_1_140' title='bbox 562 4311 682 4374; x_wconf 89' lang='lat' dir='ltr'><strong>Melior</strong></span> <span class='ocrx_word' id='word_1_141' title='bbox 704 4311 777 4374; x_wconf 85' lang='lat' dir='ltr'><strong>vita</strong></span> 
     </span>
    </p>
   </div>
   <div class='ocr_carea' id='block_1_11' title="bbox 0 0 1460 5002">
    <p class='ocr_par' dir='ltr' id='par_1_12' title="bbox 0 0 1460 5002">
     <span class='ocr_line' id='line_1_27' title="bbox 0 0 1460 5002; baseline 0 1"><span class='ocrx_word' id='word_1_142' title='bbox 0 0 1460 5002; x_wconf 95' lang='lat' dir='ltr'><strong> </strong></span> 
     </span>
    </p>
   </div>
  </div>
 </body>
</html>
