2910 5002
431 453 600 518 Plancus
625 449 942 518 QUOTIDIANAE.
1153 448 1215 508 295

556 853 828 917 ALLEGATIO.

347 1081 442 1165 [HL]
488 1098 531 1145 nx
553 1097 654 1144 raam
676 1096 808 1159 uosnn,
832 1095 943 1145 cuono
964 1093 1035 1142 nos.

480 1309 537 1392 [l.]
560 1308 738 1389 Infirmilus
761 1308 904 1371 Naturae.

168 1487 329 1552 Quoniam
352 1487 499 1550 infirmus
522 1510 602 1551 sum.
650 1488 737 1550 Paul.
761 1487 801 1550 vi.
825 1489 856 1549 2.

168 1615 351 1677 Memorare
374 1635 446 1695 quae
468 1635 541 1677 mea
562 1614 751 1677 substantia.
798 1615 885 1676 Paul.
909 1615 1026 1680 lxxxix.
1050 1621 1103 1682 47.

165 1741 209 1803 Et
230 1739 414 1803 reeordatus
437 1746 495 1818 est,
520 1740 595 1823 quia
617 1761 690 1802 caro
712 1747 796 1818 sunt,

254 1866 383 1949 spiritus
404 1866 533 1945 vadens,
557 1874 590 1929 et
611 1887 679 1930 non
700 1865 837 1930 rediens.
882 1869 971 1931 Paul.
995 1870 1113 1936 lxxviii.
1137 1875 1190 1938 39.

169 1993 330 2058 Quoniam
353 1993 426 2076 Ipse
449 1992 598 2076 cognovit
620 1994 812 2076 figmentum
835 2001 991 2075 nostrum,

169 2117 366 2181 Recordatur
389 2126 446 2197 est,
474 2118 625 2200 quoniam
647 2118 751 2201 pulvis
774 2141 895 2183 sumus.
941 2123 1034 2186 Psol.
1058 2123 1120 2187 ciii.
1147 2124 1198 2188 14.

169 2245 279 2308 Homo
302 2245 385 2308 sicut
407 2245 551 2309 foenum:

169 2373 248 2436 Dies
271 2375 350 2455 ejus,
375 2370 458 2435 sieut
480 2371 538 2435 flos
560 2372 638 2455 agri,
662 2373 709 2435 sic
731 2373 910 2437 efflorescit.
963 2375 1045 2439 Vers.
1072 2377 1122 2440 15.
1250 2436 1253 2443 ,

170 2499 332 2564 Quoniam
356 2499 487 2581 spiritus
509 2499 717 2582 pertransibit
739 2499 774 2564 in
794 2500 861 2578 illo,
884 2509 918 2564 et
941 2522 1008 2565 non
1030 2503 1194 2583 subsistet,

256 2633 288 2689 et
310 2648 376 2689 non
399 2634 569 2708 cognoscet
592 2627 729 2710 amplius
750 2626 858 2691 locum
880 2649 984 2693 suum.
1038 2630 1121 2696 Vers.
1147 2634 1198 2697 16.

476 2840 532 2924 [2.]
564 2840 701 2902 Miseria
724 2841 921 2906 conditionis.

172 3010 285 3073 Miseri
306 3010 384 3074 facti
406 3033 517 3074 sumna
540 3011 646 3074 nimis.
692 3012 782 3075 Psul.
805 3013 901 3077 lxxix.
925 3014 957 3076 8.

171 3140 216 3201 Et
238 3137 318 3201 vidit
340 3160 415 3201 cum
436 3138 680 3218 tribularentur,

259 3274 292 3329 et
314 3266 434 3329 audivit
456 3265 635 3329 orationem
658 3287 780 3329 eorum.
828 3266 930 3349 [Paul.
956 3267 1029 3350 ovi]
1055 3272 1109 3332 44.

292 3543 379 3626 [IV.]
424 3559 467 3607 nx
488 3560 590 3608 mara
612 3560 745 3623 nosran,
769 3560 878 3621 cuono
901 3562 1062 3610 orricium

558 3757 615 3841 [l.]
646 3759 845 3822 Poenitentea.

179 3926 263 3991 Quia
284 3946 338 3990 cor
359 3926 534 3990 contritum
557 3933 590 3989 et
611 3926 830 4004 humiliatum,

307 4057 406 4135 Deus,
430 4078 497 4121 non
519 4056 685 4141 despicies.
732 4056 877 4121 Paulli.
903 4057 954 4122 17.

179 4182 339 4249 Quoniam
362 4182 566 4265 iniquitatem
588 4204 693 4247 meam
716 4183 929 4261 annunciabo,

264 4317 297 4373 ot
320 4311 468 4391 cogitabo
489 4333 547 4394 pro
569 4319 699 4396 peceato
721 4334 802 4376 meo.
848 4313 939 4377 Psal.
962 4312 1089 4377 xxxviii.
1114 4313 1163 4375 18.
