2910 5002
237 418 303 481 274
508 416 678 481 PRECES
703 417 1021 485 QUOTIDIANAE.

323 581 413 647 Urbe
435 590 555 662 nostra,

322 718 360 773 ut
382 710 465 775 bene
485 711 643 795 beateque
665 734 698 776 se
720 713 872 793 habeant,

322 846 355 901 et
377 839 418 903 ab
440 840 530 903 omni
552 841 738 906 discrimine
760 848 794 905 et
815 842 1021 907 incommodo
1043 842 1232 909 liberentur.

256 1042 272 1066 ⁶
409 969 473 1031 Pro
495 970 598 1051 Rege:

238 1094 268 1158 Ο
291 1094 441 1173 Domine,
465 1096 587 1159 salvum
609 1096 669 1175 fac,
717 1098 764 1165 ἃ)
786 1092 960 1177 ΠίίῚίίίἹΠ.

238 1221 268 1283 O
291 1221 441 1299 Domine,
464 1243 659 1305 prosperare,
707 1227 754 1295 Μ
775 1196 942 1295 onitin
989 1225 1058 1309 [Pe.
1076 1225 1168 1290 cxvii.
1184 1224 1253 1310 25]

366 1344 461 1434 ὅπλῳ
477 1346 629 1426 ἀληθείας
650 1350 705 1415 καί
726 1350 867 1422 εὐδοκίας
889 1352 1100 1439 στεφάνωσον
1121 1350 1226 1432 αὐτὸν,

365 1472 514 1554 λάλησον
535 1479 575 1559 τῇ
597 1474 709 1565 καρδίᾳ
731 1477 830 1544 αὐτοῦ
853 1477 973 1562 ἀγαθὰ,

366 1597 447 1686 ὑπὲρ
468 1604 525 1681 τῆς
546 1601 722 1682 ἐκκλησίας
743 1605 798 1671 καί
820 1608 876 1672 τοῦ
897 1607 982 1671 aaa&
1002 1630 1073 1670 σου.

237 1726 300 1791 Pro
323 1728 584 1794 Consiliariorum
606 1732 786 1814 prudentia,

323 1855 345 1916 J
347 1853 478 1919 udicum
499 1856 660 1939 aequitate,
681 1859 879 1943 integritate,

322 1982 490 2045 Exercitus
510 1982 710 2063 fortitudine,

323 2107 437 2191 Populi
458 2111 680 2194 temperantia,

452 2243 563 2300 sancta
584 2237 797 2321 simplicitate.

235 2363 300 2426 Pro
322 2361 429 2426 sobole
452 2371 684 2442 succrescente,

322 2489 387 2553 sire
408 2489 445 2552 in
465 2490 658 2569 Academiis,

321 2616 443 2682 sivein
467 2616 609 2691 Scholis3

235 2744 293 2822 Ut,
317 2744 475 2827 quomodo
497 2750 600 2823 aetate,
624 2746 792 2828 proficiant
814 2744 927 2808 itidem

321 2879 354 2936 et
377 2871 533 2955 sapientia
555 2879 588 2935 et
610 2873 722 2955 gratia,

364 3000 449 3084 apud
470 3001 578 3065 Deum
600 3008 634 3065 et
655 3001 813 3065 homines.

234 3127 300 3196 Qui
321 3128 479 3193 beneficos
502 3150 535 3193 se
557 3128 711 3213 praebent,

334 3320 385 3383 vel
406 3340 482 3401 erga
504 3274 589 3447 {res
611 3276 725 3332 ΝΜ

333 3427 336 3430 -
539 3403 693 3466 pauperes
716 3389 749 3445 et
772 3401 899 3464 egenos.

234 3510 347 3575 Redde
368 3510 431 3574 illis
452 3511 633 3593 septuplum
654 3511 691 3573 in
706 3509 813 3572 sinum
828 3529 949 3586 eorum,
989 3507 1090 3591 [Paul.
1105 3505 1202 3570 lxxix.
1219 3502 1285 3588 la]

232 3639 361 3704 Animae
383 3659 493 3704 eorum
516 3638 667 3702 inbonis
690 3637 907 3715 demorentur,

319 3769 363 3832 Et
378 3789 487 3832 semen
501 3788 611 3831 eorum
626 3765 817 3830 haereditent
831 3771 959 3828 terram.
1001 3763 1103 3846 [Psal.
1118 3782 1190 3825 xxv.
1215 3757 1283 3843 la]

319 3895 414 3960 Beati
429 3896 504 3974 sint,
518 3896 573 3979 qui
585 3895 773 3977 intelligimt
787 3914 883 3977 super
897 3913 1045 3974 egenum.
1092 3890 1161 3974 [Pa.
1173 3888 1227 3953 xli.
1241 3886 1286 3970 1.]

256 4026 285 4087 1.
320 4022 369 4085 Ut
390 4022 539 4085 omnibus
563 4020 816 4086 benefactoribus
837 4019 957 4084 nostris
980 4023 1101 4083 aeterna

251 4123 254 4127 .
405 4146 491 4209 bona
511 4146 671 4210 retribuas
678 4170 687 4222 ;

318 4274 382 4337 Pro
403 4272 565 4336 beneficiis
588 4294 658 4356 quae
680 4271 773 4336 nobis
795 4270 904 4354 largiti
926 4271 1059 4334 suntin
1079 4267 1184 4344 terris,
