2910 5002
369 1507 583 1586 eneces
627 1506 1042 1615 QJOTIDIANAE.

173 1920 249 1982 Deo
270 1918 306 1982 in
328 1938 380 1981 me
402 1916 570 2000 cognosco,
595 1920 744 1999 Domine,

345 2045 516 2123 Naturam,
541 2067 637 2128 quam
660 2047 710 2109 Tu
731 2047 844 2127 fecisti,

345 2174 529 2252 Peccatum,
553 2173 639 2256 quod
659 2195 720 2258 ego
742 2174 843 2258 adjeci
852 2202 863 2254 3
906 2224 909 2231 .

173 2301 288 2363 Fateor
312 2299 398 2383 quod
418 2320 476 2382 per
498 2299 626 2384 culpam
648 2300 823 2365 deformavi
844 2310 1004 2383 naturam,

260 2427 315 2491 sed
336 2434 501 2491 memento
522 2428 609 2510 quod
633 2450 704 2491 sum
728 2429 858 2512 spirim
880 2432 1009 2510 vadens,

387 2575 454 2617 non
475 2553 621 2633 rediens3
672 2555 775 2638 [Psol.
797 2556 916 2621 lxxviii.
938 2555 1008 2640 39.]

172 2681 235 2743 Per
256 2681 415 2764 meipsum
437 2681 524 2744 enim
547 2703 566 2744 a
587 2689 718 2764 peccato
740 2682 844 2747 redire
865 2705 932 2747 non
953 2705 1093 2768 possum.

257 2809 337 2893 Ejal
372 2809 451 2872 tolie
474 2831 494 2871 a
514 2829 568 2872 me
590 2808 676 2892 quod
698 2831 758 2894 ego
779 2809 866 2889 feci,

257 2937 436 2999 Remaneat
457 2936 493 2998 in
513 2957 567 2999 me
590 2936 676 3019 qnod
698 2938 748 3001 'Pu
769 2937 874 3001 fecisti
884 2963 894 3015 ς

171 3062 220 3126 Ut
241 3084 283 3125 ne
305 3071 426 3146 pereat,
451 3064 536 3146 quod
558 3065 699 3146 pretioso
722 3066 793 3129 'Puo
815 3067 971 3150 sanguine
992 3066 1166 3131 redemisti.

256 3192 335 3275 Ejal
360 3212 402 3254 ne
421 3191 537 3274 perdat
556 3191 747 3275 improbitas
767 3215 851 3272 mea,
868 3194 954 3277 quod
976 3193 1112 3257 redemit
1133 3190 1227 3257 boni·

340 3325 389 3380 tas
411 3318 490 3380 Tua.

169 3443 317 3521 Domine,
340 3443 430 3506 Deus
451 3443 506 3522 mi,
530 3444 557 3507 si
578 3444 649 3523 feci,
672 3453 710 3508 ut
732 3466 835 3509 essem
857 3465 932 3509 reus
953 3444 1050 3522 Tuus,

170 3568 327 3653 Nunquid
347 3570 452 3634 facere
473 3572 575 3654 potui,
598 3581 636 3635 ut
658 3595 726 3637 non
747 3594 849 3637 essem
873 3593 982 3637 servus
1005 3556 1117 3635 Tuus?

170 3698 205 3762 Si
226 3697 302 3761 inde
324 3697 545 3762 innocentiam
567 3699 648 3762 mihi
670 3699 785 3778 ademi,

168 3826 326 3908 Nunquid
350 3835 383 3889 et
405 3827 482 3892 inde
505 3826 757 3891 misericordiam
779 3828 882 3890 Tuam
905 3825 1049 3909 peremi?

170 3953 205 4016 Si
227 3954 382 4034 commisi,
405 3955 492 4018 unde
514 3977 566 4019 me
589 3955 741 4019 damnare
762 3976 882 4038 posses,

167 4080 324 4163 Nunquid
349 4077 382 4144 et
403 4082 453 4144 'Pu
475 4083 622 4161 amisisti,
648 4083 734 4148 unde
757 4082 875 4145 salvare
898 4081 1001 4145 soles?

167 4208 290 4272 Verum
300 4215 358 4287 est,
371 4209 520 4287 Domine,
530 4211 726 4274 conscientia
736 4231 809 4274 mca
820 4216 961 4274 meretur
970 4207 1220 4287 damnationem,

255 4335 319 4398 Sed
340 4335 559 4400 misericordia
580 4339 650 4402 Tua
672 4345 802 4422 superat
824 4359 954 4401 omnem
977 4335 1197 4400 offensionem.
