2910 5002
144 429 230 494 216.
426 431 563 494 ETXAI
589 431 928 496 ΚΑΘΗΜΕΡΙΝΑΙ.

487 597 597 663 Ὥστε

405 726 436 791 οἱ
457 726 519 791 υἱοὶ
539 726 629 810 ἡμῶν

318 855 362 925 ὥς
385 855 523 942 νεάφυτα
545 855 692 943 ἱδρυμένα

406 985 440 1048 εὐ
461 983 592 1063 νεότητι·

362 1110 407 1176 Αἱ
427 1111 599 1198 θυγατέρες

276 1239 385 1320 καλοῖ,
408 1237 450 1309 ὦς
471 1238 618 1322 ὁμοίωμα
639 1242 725 1304 ναοῦ·

318 1366 368 1432 Τά
390 1369 521 1448 ταμιεῖα
540 1364 629 1449 ἡμῶν

190 1493 416 1583 ἐξερευγόμενα
437 1494 475 1576 ἐξ
495 1491 592 1560 αὑτοῦ
613 1492 658 1565 είς
678 1491 767 1568 αὐτὸ,

274 1621 316 1688 τά
337 1621 490 1711 πρόβατα
510 1621 685 1696 πολυτόκα,

360 1748 394 1814 οἱ
412 1749 490 1828 βόες
510 1753 638 1838 παχεῖς,

144 1875 243 1960 μηδὲν
265 1875 465 1960 κατάπτωμα
488 1880 647 1964 φραγμοῦ,

230 2002 373 2088 μηδεμία
394 2002 543 2088 διέξοδος,

230 2130 370 2215 μηδεμία
392 2131 524 2220 κραυγή·

146 2259 239 2326 Μίαν
259 2259 433 2345 ᾐτησάμην
453 2259 544 2347 παρὰ
567 2259 699 2345 Κυρίου,
723 2260 842 2342 ταύτην
866 2263 1003 2347 ζητήσω,

231 2386 269 2454 τά
291 2392 453 2455 κατοικεῖν
473 2413 515 2471 με
536 2387 571 2455 ἐν
592 2391 637 2477 τῷ
658 2390 734 2475 οἴκῳ
756 2393 813 2456 τοῦ
836 2391 958 2479 Κυρίου

319 2516 432 2588 πάσας
453 2516 512 2590 τὰς
531 2517 653 2606 ἡμέρας
674 2522 732 2601 τῆς
755 2522 834 2602 ζωῆς
854 2545 927 2602 μου·

230 2646 267 2711 τὸ
290 2646 419 2733 θεωρεῖν
439 2672 481 2730 με
502 2645 561 2730 τὴν
583 2647 786 2734 τερπνότητα
808 2649 943 2737 Κυρίου,

317 2773 371 2838 καὶ
393 2772 652 2840 ἐπισκέπτεσθαι
673 2773 731 2840 τὸν
752 2773 828 2841 ναὸν
849 2771 942 2856 άιγιον

446 2924 551 2965 αυτου.

145 3028 212 3093 Δύο
233 3025 384 3109 αἰτοῦμαι
405 3026 497 3116 παρά
520 3030 590 3106 σοῦ,
614 3027 723 3116 Κύριε,

230 3155 276 3240 μὴ
299 3155 422 3243 ἀφέλῃς
442 3183 507 3242 μου
526 3157 624 3247 χάριν
644 3161 709 3247 πρὸ
731 3161 788 3225 τοῦ
809 3157 983 3225 ἀποθανεῖν
1003 3185 1053 3243 με,

47 3324 53 3332 -
146 3281 297 3350 Μάταιον
317 3284 418 3368 λάηον
440 3285 624 3372 καὶψευδῆ
645 3285 774 3375 μακράν
793 3312 857 3368 μου
878 3286 1026 3366 ποίησον.

60 3394 66 3400 ’
232 3412 384 3478 Πλοῦτον
405 3411 459 3478 καὶ
480 3412 594 3479 πενίαν
613 3411 659 3494 μή
679 3437 736 3495 μοι
758 3411 826 3500 δῷς,

145 3538 302 3622 σύνταξον
323 3539 359 3606 δέ
379 3565 436 3623 μοι
457 3541 500 3606 τά
522 3538 634 3607 δεόντα
654 3539 708 3606 καὶ
729 3539 771 3604 τά
792 3537 944 3627 αὐτάρκη.

180 3663 256 3733 Ἵνα
276 3666 322 3750 μὴ
344 3667 506 3748 πλησθεὶς
527 3667 728 3755 ὑπερήφανος
749 3664 896 3752 γένωμαι,

278 3793 333 3861 καὶ
356 3795 445 3869 εἴπω,
468 3797 525 3866 Τίς
545 3794 563 3861 ὁ
585 3795 721 3883 Κθριος;

103 3966 110 3981 .
190 3920 241 3988 ἵνα
261 3921 305 4004 μὴ
326 3921 424 4002 πίνης
444 3921 587 4005 ηενηθεὶς
608 3921 737 4010 κλθρα,

223 4075 226 4079 ·
318 4048 373 4113 καὶ
394 4046 546 4131 ἕπομάσω
567 4048 605 4114 τὸ
626 4048 726 4132 ὄνομα
747 4053 805 4116 τοῦ
826 4051 909 4117 Θεοῦ
930 4077 1001 4133 μου.

147 4177 274 4258 Μυηθῶ
295 4179 350 4246 καὶ
370 4184 599 4268 περισσεῦσαι,

276 4305 387 4388 μυηθῶ
408 4307 462 4374 καῖ
483 4307 698 4394 ὑστερεῖσθαι,
