2910 5002
466 442 636 510 PRECES
661 445 979 513 QUOTIDIANAE.
1185 448 1248 510 415

196 617 283 682 Paul.
306 639 376 680 xxx.
403 619 452 680 ll.
501 618 582 684 Quae
608 619 694 682 enim
719 619 844 682 utilitas
871 619 907 680 in
934 618 1091 701 sanguine
1117 639 1199 696 meo,
1223 619 1251 680 si

411 746 605 819 descendero
626 748 660 810 in
684 747 870 811 infernum?

308 875 348 938 vi.
372 878 402 938 5.
495 876 659 959 Numquis
689 876 725 939 in
753 876 889 939 mortuis
919 874 1124 939 confitebitur
1153 875 1250 940 Tibi?

411 1003 517 1067 autin
535 1003 663 1067 inferno
677 1003 749 1081 erit,
765 1003 819 1086 qui
842 1024 965 1067 memor
980 1004 1022 1066 sit
1036 1003 1121 1067 Tui?

308 1129 366 1192 liii.
392 1131 441 1194 13.
487 1131 658 1215 Numquid
681 1138 916 1214 cognoscentur
935 1131 970 1194 in
993 1130 1136 1195 tenebris
1155 1132 1251 1194 mira-

411 1257 488 1321 bilia
502 1260 582 1337 Tua,
599 1264 655 1322 aut
667 1258 796 1343 justitia
811 1258 881 1321 'lira
894 1259 929 1320 in
944 1266 1031 1322 terra
1042 1257 1231 1322 oblivionis?

196 1383 238 1446 Is.
263 1382 387 1446 xxxviii.
413 1385 464 1448 18.
497 1383 753 1449 Certelnfernua
764 1406 830 1449 non
842 1383 1047 1448 confitebitur
1055 1383 1139 1463 Tibi,
1148 1405 1252 1467 neque

414 1512 506 1577 Mors
527 1512 673 1577 laudabit
695 1513 750 1591 Te,
774 1533 841 1575 non
864 1510 1094 1595 exspectabunt
1119 1513 1174 1595 qui
1196 1512 1251 1574 de·

413 1638 571 1701 scendunt
594 1639 628 1701 in
651 1639 756 1702 laeum
781 1639 947 1702 veritatem
970 1639 1072 1702 Tuam
1083 1664 1092 1715 ;
1122 1638 1251 1716 Vivens,

413 1764 530 1842 vivens,
551 1765 620 1847 ipse
641 1765 848 1830 confitebitur
867 1765 951 1843 Tibi,
973 1765 1057 1829 sieut
1072 1787 1132 1849 ego
1146 1765 1250 1829 hodie.

198 1890 283 1954 Paul.
304 1891 405 1955 cxviii.
429 1893 478 1958 17.
503 1893 581 1958 Non
604 1894 731 1967 moriar,
755 1893 833 1977 quin
857 1893 970 1973 vivam,
993 1903 1026 1957 ot

544 2023 681 2087 narrabo
703 2045 800 2106 opera
822 2024 964 2088 Domini.

199 2208 229 2270 6.
257 2206 346 2271 Quin
369 2207 396 2270 si
418 2206 502 2271 bene
523 2208 569 2270 Te
591 2208 675 2284 novi,
700 2207 850 2283 Domine,
874 2215 907 2270 et

372 2319 521 2398 Indolem
545 2335 658 2411 luam,

287 2461 398 2525 Bonus
419 2481 462 2539 es,
485 2460 580 2536 bonis
603 2468 636 2524 et
659 2459 742 2523 bene
765 2459 897 2531 meritis,

286 2587 453 2669 gratiosus,
476 2587 653 2671 peregrinis
676 2593 708 2650 et
730 2586 985 2664 immerentibus,

286 2713 466 2778 misericors
488 2715 590 2793 malis,
615 2721 648 2778 et
669 2714 753 2778 male
775 2713 982 2777 merentibus.

373 2843 415 2906 In
438 2843 552 2908 ultimo
574 2843 635 2908 hoe
656 2841 779 2906 insisto.

200 2972 244 3035 Is.
268 2971 344 3034 xliii.
368 2974 420 3035 24.
460 2973 543 3036 Cum
565 2978 694 3055 propter
715 2971 879 3035 neminem
901 2974 1002 3052 potes,

461 3101 544 3164 (lum
567 3105 704 3182 propter,
717 3099 809 3177 nihil,
832 3105 962 3182 propter

461 3224 678 3307 'semetipsum
701 3224 837 3287 dimittis
858 3231 999 3308 peecata,

503 3350 595 3417 Adeo
616 3350 719 3414 facilis
742 3351 941 3415 adveniam.
968 3346 972 3353 ’

203 3550 232 3611 7.
256 3546 362 3611 David
383 3567 458 3611 vero
480 3547 637 3630 propheta
658 3547 704 3611 sie
727 3569 821 3612 ausus
843 3555 892 3612 est
913 3547 1046 3631 precari,

203 3677 290 3739 Paul.
314 3676 393 3740 oxix.
417 3677 471 3741 29.
546 3676 702 3740 Miserere
727 3677 807 3738 mihi
829 3675 869 3738 de
890 3677 962 3758 lege
984 3677 1072 3750 Tua3
1103 3675 1191 3758 quasi

460 3805 512 3866 lex
533 3803 603 3884 ipsa
624 3803 669 3866 Te
692 3803 803 3865 mitem
826 3803 985 3885 praedicet.

632 3929 676 3992 Et
697 3949 771 3992 vere
793 3928 838 3992 sie
860 3950 913 4005 es3

460 4057 527 4120 Lex
550 4056 620 4120 Tua
641 4076 679 4118 ex
701 4055 771 4119 Tuo
793 4055 900 4143 Ipsius
923 4054 1044 4119 oresio
1066 4062 1169 4119 sonat.

203 4181 307 4245 and.
318 4181 421 4246 xxxiv.
434 4182 478 4266 [6,
489 4183 531 4267 7.]
550 4185 741 4249 Dominator
764 4183 923 4249 Dominus
946 4184 1034 4248 Deus
1067 4183 1256 4267 miserioors,

462 4316 495 4374 et
526 4311 677 4393 clemens,
703 4315 829 4399 patiens
852 4313 887 4376 in
909 4313 1012 4378 multa
1040 4311 1255 4391 miseratione,
