2910 5002
422 453 591 518 PRECES
616 453 934 521 QUOTIDIANAE.
1141 458 1203 520 381

193 617 290 682 tionis
320 641 386 685 suae
417 620 578 686 internam
613 623 854 708 suavioremque
884 623 1064 690 doctrinam
1092 626 1206 691 dooere

192 713 365 829 dignetur3
394 769 465 831 quae
487 749 531 814 sic
553 771 739 834 proponam,
762 751 809 816 sia
838 771 988 831 asseram
1009 761 1048 817 nt
1076 752 1112 817 in
1134 775 1207 837 pro-

194 873 408 957 positionibus
430 883 464 941 et
486 877 715 948 assertionibus
736 879 827 959 meis,
850 880 980 944 veritati
1009 901 1135 965 semper
1156 882 1206 945 in·

194 1000 350 1066 haeream:
374 1000 415 1066 ab
430 1002 491 1067 baa
504 1003 664 1088 ipsissima
677 1004 811 1069 veritate
826 1005 962 1090 postulo,
979 1004 1086 1072 doceri
1103 1007 1207 1072 multo

193 1127 287 1212 plura
307 1143 379 1214 quae
400 1131 518 1210 nesci0,
541 1154 561 1196 a
582 1154 646 1216 quo
667 1132 776 1217 accepi
798 1153 899 1217 panea
921 1155 993 1218 quae
1014 1134 1088 1198 saio.

151 1257 260 1340 Ipsam
279 1279 357 1342 rogo
371 1266 409 1323 ut
431 1258 659 1344 (praeveniente
682 1283 719 1326 aa
741 1261 956 1346 subsequente
977 1262 1205 1347 misericordia)

196 1405 397 1470 quaecunque
424 1387 595 1453 salubn'ter
624 1389 755 1454 scienda
783 1390 900 1470 nescio,
924 1389 1038 1457 doceat
1067 1412 1120 1456 me
1131 1418 1141 1470 3
1171 1390 1207 1455 in

194 1513 254 1592 his,
277 1536 349 1599 quaa
369 1537 444 1580 vera
465 1517 549 1595 novi,
570 1518 730 1583 custodiat
751 1539 821 1595 me;
843 1519 880 1582 in
902 1519 1027 1603 quibus,
1049 1525 1088 1584 ut
1109 1519 1207 1583 homo

194 1641 297 1718 fallor,
320 1644 458 1726 corrigat
480 1665 533 1708 me
540 1671 551 1723 3
589 1645 764 1729 inquibus
792 1646 873 1710 veris
897 1647 1015 1727 titubo,
1038 1649 1207 1713 confirmet

194 1789 256 1845 me,
280 1775 313 1833 et
343 1791 363 1832 a
391 1768 479 1833 falsis
501 1778 535 1833 et
556 1769 660 1834 noxiis
689 1770 804 1855 eripiat
833 1792 895 1850 me,
919 1779 953 1836 et
981 1793 1020 1837 ea
1047 1773 1143 1838 faeiat
1165 1773 1206 1839 de

193 1917 248 1960 ore
281 1918 353 1962 meo
390 1896 572 1982 procedere,
604 1918 676 1981 quae
712 1905 789 1962 sunt
825 1919 933 1964 coram
968 1899 1037 1984 ipsa
1072 1901 1205 1966 veritate

194 2025 412 2109 principaliter
433 2033 535 2109 grata,
559 2025 604 2090 sie
625 2025 706 2089 fiant
734 2026 883 2092 fidelibus
912 2027 1036 2092 eunctis
1065 2035 1204 2112 aeoepta,

193 2175 250 2236 per
265 2156 379 2219 Jesum
395 2155 572 2235 Christum,
588 2156 766 2220 Dominum
783 2177 820 2220 aa
837 2158 1038 2221 Sea-satorem
1046 2156 1215 2221 nostrum.'

215 2396 377 2485 Ἀφορμαὶ
398 2400 642 2464 Meditotioaam
663 2407 737 2465 ante
758 2400 873 2464 Preces
893 2400 1139 2464 Poeniteatiolea.

149 2534 226 2599 Lae.
249 2557 280 2599 ιι.
303 2539 357 2600 41.
402 2537 572 2624 Μεριμνᾷς
594 2534 670 2622 περὶ
691 2535 815 2614 πολλὰ,
839 2533 905 2606 ἑνὸς
926 2533 960 2600 δέ
983 2535 1055 2601 ἐστι
1075 2533 1182 2623 χρεία.

149 2662 222 2726 Act.
245 2661 285 2725 vi.
309 2665 340 2726 4.
385 2660 498 2745 Ἡμεῖς
520 2660 555 2727 δὲ
576 2665 617 2748 τῇ
646 2665 817 2751 προσευχῇ
839 2661 894 2729 καὶ
915 2664 955 2747 τῇ
983 2659 1129 2750 διακονίᾳ
1149 2667 1206 2728 τοῦ

236 2789 336 2871 λόγον
357 2789 692 2877 προσκαρτερήσομεν.

151 2919 227 2982 Inte.
251 2917 313 2982 xxi.
337 2918 390 2980 36.
435 2914 642 3003 Ἀγρνπνεῖτε
672 2917 706 2983 ἐν
726 2919 826 2984 παντὶ
854 2921 965 3006 καιρῷ,
987 2916 1131 2999 δεόμενοι
1154 2915 1205 2984 ἵνα

237 3043 454 3128 κοταξκοθῆτε
476 3045 626 3131 ἐκφυγεῖν
646 3044 689 3111 τὰ
708 3046 872 3130 μέλλοντα
894 3044 1050 3129 γίνεσθαι.

148 3176 273 3239 Eeclus.
296 3173 361 3238 xiia
388 3175 437 3238 14.
483 3175 545 3239 Per
567 3196 696 3240 omnem
718 3176 819 3240 vitam
848 3182 940 3240 tuam
965 3173 1063 3258 dilige
1084 3175 1203 3253 Deum,

207 3374 215 3386 ,
235 3311 268 3367 et
289 3303 402 3367 invoca
422 3303 508 3366 Eum
529 3323 588 3386 pro
610 3303 712 3367 salute
733 3310 801 3367 tua.

148 3432 274 3495 Eeclua.
297 3430 350 3495 vii
375 3432 426 3494 17.
473 3429 622 3494 Humilia
638 3430 729 3495 valde
744 3430 894 3514 spiritum
914 3437 1028 3494 tuum:
1051 3429 1203 3513 quoniam

233 3556 377 3622 vindicta
398 3556 502 3622 carnis
524 3556 625 3641 impii,
640 3557 724 3641 ignis
746 3564 780 3621 et
801 3556 928 3621 vermis.

147 3687 198 3750 Jo.
220 3686 267 3750 iii.
289 3687 344 3752 2⁷.
390 3681 441 3749 01}
463 3681 593 3749 δύναται
615 3683 784 3768 ἅνθρωπος
812 3683 997 3767 λαμβάνειν
1025 3680 1124 3754 οὐδὲν,
1147 3680 1206 3748 ἐὰν

233 3812 277 3898 μὴ
300 3810 321 3896 ἧ
344 3810 519 3896 δεδομένον.

152 3943 300 4025 Cypriae.
345 3941 382 4006 Si
403 3941 465 4006 Ille
494 3940 606 4006 orabat
635 3940 690 4025 qui
720 3941 788 4005 aine
816 3947 949 4026 peeeato
977 3946 1057 4020 erat,
1080 3944 1206 4023 quanto

233 4067 337 4152 magis
358 4074 558 4152 peaeatorem
579 4089 669 4133 orare
691 4075 828 4153 oportet.

148 4198 246 4262 Idem.
290 4199 381 4263 Deus
403 4205 510 4263 autem
532 4220 599 4265 non
621 4199 717 4278 vocis,
741 4198 797 4264 sed
819 4197 933 4277 sordis,
956 4197 1084 4262 auditor
1106 4204 1166 4261 est

148 4326 282 4408 Aupust.
327 4324 407 4389 Plus
429 4324 612 4408 gemitibus,
636 4348 732 4409 qnam
755 4325 955 4393 sermonibus
978 4324 1095 4408 agitur.
