2910 5002
466 448 639 515 Plancus
663 447 983 515 QUOTIDIANAE.
1188 450 1253 512 203

211 647 214 650 ¹
282 621 337 685 Ne
358 620 424 698 fiat,
448 619 478 684 Ο
501 618 651 685 Domine.

283 745 378 815 Quod
400 751 502 811 utne
524 745 631 825 facias,

194 876 298 942 Aufer
319 896 340 941 a
361 897 425 955 me,
449 875 599 950 Domine,
756 926 759 933 .

284 1004 342 1091 [1.]
367 1003 481 1070 Cordis
505 1003 668 1082 duritiem,
713 1003 803 1066 Mar.
827 1001 890 1065 xvi.
915 1001 967 1066 14.

284 1131 341 1218 [2.]
365 1130 594 1197 Dedolentiam
605 1133 679 1214 post
690 1127 866 1194 admissum
876 1136 1054 1212 peccatum,
1072 1127 1168 1215 [Epis.
1180 1129 1222 1194 iv.
1234 1127 1298 1212 19.]

284 1259 344 1346 [3.]
371 1259 486 1326 Cordis
508 1258 695 1336 oecitatem,
740 1258 829 1321 Mar.
853 1256 901 1322 iii
917 1260 948 1335 ὅ,
972 1264 1005 1323 et
1028 1257 1071 1324 vi.
1096 1259 1150 1323 52.

284 1387 341 1473 [4.]
368 1387 536 1452 Minarum
560 1391 691 1450 tuarum
715 1391 948 1469 contemptum,

287 1511 345 1597 [5.]
372 1511 592 1578 cauteriatam
613 1510 852 1590 conscientiam,
900 1510 916 1573 1
949 1511 1024 1575 iim.
1049 1505 1091 1576 iv.
1118 1513 1150 1576 2.

284 1637 342 1724 [6.]
368 1637 552 1722 Reprobam
574 1644 729 1702 mentem.
774 1637 862 1700 Rona
887 1635 910 1701 i.
934 1636 1016 1702 28³?

281 1765 453 1830 Peccatum
479 1765 515 1829 in
540 1763 699 1849 Spiritum
725 1765 892 1829 Sanctum.
938 1764 1022 1829 Mat.
1048 1763 1102 1827 xii.
1121 1765 1175 1827 32.

281 1893 456 1958 Peccatum
478 1892 519 1957 ad
541 1897 691 1958 mortem.
737 1890 755 1955 1
778 1891 831 1955 Jo.
854 1913 884 1956 v.
909 1892 961 1955 16.

411 2019 560 2087 Quatuor
582 2017 768 2083 clamantia.

453 2151 475 2196 *
499 2149 564 2211 Sex
584 2145 816 2230 praecurrentia
837 2145 919 2210 illud

539 2275 575 2339 in
599 2273 756 2358 Spiritum
780 2277 946 2341 Sanctum.

540 2525 660 2592 Libera
680 2548 733 2591 me

194 2649 250 2716 Ab
272 2649 422 2716 omnibus
445 2650 524 2716 diris
546 2659 580 2717 et
602 2653 729 2720 infestis
751 2655 787 2719 in
808 2655 871 2719 hoc
892 2654 1018 2733 saeculo,

280 2779 386 2857 Peste,
408 2777 505 2857 fame,
527 2779 623 2860 bello,

279 2904 386 2968 'Perroe
407 2911 510 2985 motu,
532 2904 754 2986 inundatione,
777 2908 936 2988 incendio,

280 3029 381 3112 Plaga
401 3030 545 3114 pluviali,
568 3031 722 3112 siccitate,

282 3157 451 3241 AErugine,
474 3158 621 3237 uredine,

282 3282 442 3363 Fulmina,
464 3283 601 3368 fulgure,
625 3286 782 3369 procellis,

281 3408 408 3474 Morbis
429 3410 606 3494 epidemiis,
630 3413 742 3492 acutis,
767 3421 799 3477 et
821 3415 980 3499 malignis,

368 3536 478 3602 Morte
499 3537 680 3621 improvisa.

195 3660 248 3725 Ab
269 3661 430 3727 atrocibus
451 3663 544 3728 malis
565 3663 601 3727 in
622 3665 774 3743 Ecclesia,

281 3791 403 3856 Privati
425 3792 560 3876 spiritus
581 3793 858 3876 interpretatione,
906 3795 939 3879 [2
962 3797 1034 3861 Pet.
1057 3797 1078 3862 i.
1101 3798 1168 3883 20.]

282 3917 496 3982 Innovatione
517 3918 553 3983 in
574 3919 671 3983 rebus
693 3920 802 3997 saeris,
868 3921 901 4005 [1
926 3924 1003 3988 dim.
1025 3923 1067 3988 vi.
1088 3925 1157 4008 20]

282 4045 395 4110 Pravis
417 4045 578 4130 dogmatis
601 4048 797 4132 spargendis,
845 4048 876 4132 [1
904 4050 981 4114 dim.
1005 4051 1028 4116 i.
1050 4049 1097 4131 3.]
1162 4112 1165 4127 ,

283 4172 481 4257 languendo
504 4174 590 4240 circa
614 4175 806 4260 quaestiones
831 4177 961 4242 inutiles

350 4309 537 4382 otranno,
582 4303 613 4386 [l
646 4306 722 4369 dim.
748 4306 789 4370 vi.
815 4305 859 4388 da]
