2910 5002
417 445 586 509 rssous
611 444 926 512 ouomorsun.
1140 445 1203 510 ιιι
1289 405 1291 409 ’

462 613 613 678 CREDO
635 613 671 676 in
692 621 726 677 te
748 615 888 692 Putrem,

146 739 249 804 Eooei
281 739 438 824 siquidem
459 747 498 805 tu
519 743 626 821 Pater,
649 750 682 806 et
704 765 763 806 nos
785 743 855 821 filii,

232 867 405 934 Quomodo
424 869 596 935 miseretur
616 876 709 953 pater
729 868 879 947 filiorum,

274 996 425 1062 miserere
446 1006 479 1061 et
500 1004 539 1062 tu
560 997 664 1076 nobis,
688 997 838 1061 Domine.
883 997 972 1059 Prae.
995 994 1058 1059 eiii.
1083 993 1135 1058 13.

463 1127 568 1191 Credo
588 1126 624 1189 in
645 1133 679 1189 te
701 1126 887 1204 Dominum,

146 1252 250 1316 Eoos!
279 1253 440 1337 'siquidem
461 1261 500 1318 tu
522 1254 683 1319 Dominus
705 1262 738 1317 et
759 1275 819 1317 nos
841 1253 934 1330 servi,

232 1381 328 1446 Oculi
347 1383 451 1446 nostri
473 1382 513 1446 ad
534 1390 568 1446 te
590 1381 768 1446 Dominum
790 1388 946 1458 nostrum,

243 1558 245 1563 ,
319 1509 422 1574 donec
443 1510 613 1573 misereare
634 1510 747 1573 nostri.
793 1509 882 1570 Psal.
905 1486 1010 1570 cxxiii
1032 1507 1064 1570 2.

147 1637 260 1716 Credo,
284 1639 369 1723 quod
391 1639 453 1703 etsi
474 1660 533 1703 nos
554 1659 660 1722 neque
682 1637 750 1716 filii,
774 1657 878 1720 neque
901 1635 995 1714 servi,

362 1769 419 1832 sed
440 1768 548 1832 catelli
570 1775 712 1844 tantum,

147 1895 271 1979 Utique
293 1896 405 1960 liceret
426 1896 519 1960 nobis
541 1897 708 1960 comedere
731 1894 772 1958 de
791 1895 883 1958 miois
906 1892 1096 1958 cedentibus

362 2023 402 2087 de
424 2045 536 2088 mense
557 2032 624 2088 tus.
669 2025 775 2088 Marc.
799 2023 853 2086 vii.
876 2023 929 2086 28.

147 2151 260 2231 Credo,
284 2153 370 2236 quod
393 2153 540 2218 Christus
563 2152 606 2215 sit
627 2153 743 2235 Agnus
765 2152 828 2216 Dei
841 2169 867 2216 :·

232 2281 328 2364 Agne
350 2280 424 2358 Dei,
448 2280 503 2363 qui
524 2279 612 2344 tollis
633 2287 765 2363 peceato
786 2278 909 2357 mundi,
953 2279 1047 2343 Joan.
1069 2275 1092 2340 i.
1114 2277 1169 2341 29.

319 2408 414 2473 tollas
435 2415 468 2472 et
491 2429 572 2473 mea.

147 2535 262 2616 Credo,
287 2536 373 2619 quod
395 2537 416 2600 J
418 2557 491 2600 esus
513 2537 663 2602 Christus
684 2536 826 2600 venitin
846 2534 1005 2600 mundum

360 2670 542 2748 peccatores
565 2665 667 2729 salvos
688 2665 812 2729 faeere:
859 2668 876 2728 1
905 2665 982 2726 Dm.
1005 2662 1027 2724 i.
1054 2661 1104 2724 15.
1194 2624 1199 2632 ¹

148 2792 216 2860 Qui
236 2791 352 2858 venisti
374 2793 475 2857 salvos
496 2793 603 2857 faeere
625 2799 818 2876 peooaoores,
846 2832 849 2838 -

234 2926 268 2984 et
289 2940 342 2984 me
364 2919 486 2984 salvum
508 2919 569 2996 fao,
592 2925 797 3003 peccatorum

317 3047 458 3131 primum
475 3053 512 3142 ¹et
535 3068 705 3110 summum.

147 3175 260 3256 Credo,
284 3175 370 3258 quod
390 3174 479 3240 venit
501 3175 649 3239 Christus
670 3173 828 3237 redimere
849 3171 1027 3256 perditum:

192 3301 258 3369 Qui
279 3300 396 3366 venisti
416 3300 576 3366 redimere
595 3299 767 3384 perditum,
811 3297 911 3360 Mart.
934 3295 1020 3360 xviii.
1046 3296 1097 3357 11.

276 3425 330 3505 Ne
352 3423 553 3508 sinss'perdi
573 3443 631 3507 per
652 3429 686 3487 ts
707 3421 921 3506 redemptum.

148 3552 261 3632 Credo,
274 3552 360 3636 quod
372 3551 512 3636 Spiritus
523 3551 598 3616 vitae
613 3550 775 3616 Dominus
789 3556 824 3613 et
838 3549 951 3612 deoor:
968 3545 1074 3628 symb.
1090 3545 1200 3607 Meso.

191 3679 257 3747 Qui
279 3678 360 3744 mihi
382 3677 500 3743 dedisti
520 3678 663 3741 animam
683 3677 854 3753 viventem,
901 3673 994 3757 [Gen.
1017 3672 1050 3736 ii.
1075 3671 1120 3753 7.]

157 3799 161 3804 ’
277 3806 330 3872 Da
350 3828 392 3871 ne
413 3806 576 3870 ineassum
597 3802 751 3885 sooipiam

319 3934 460 3998 enimam
481 3954 597 3998 meam,

147 4060 262 4141 Credo,
286 4061 373 4145 quod
397 4061 536 4145 Spiritus
557 4061 594 4124 in
618 4055 835 4123 Sacramentis
858 4055 966 4139 Ipsius

364 4189 501 4272 gratiam
521 4186 684 4273 impertit:

147 4319 200 4383 Da
221 4317 301 4382 mihi
323 4338 366 4381 ne
387 4317 423 4380 in
445 4338 581 4382 vacuum
603 4315 740 4399 gratiam
764 4314 873 4396 Ipsius

188 4461 247 4497 suo.
264 4461 361 4498 sununs.
739 4458 760 4504 Α
781 4458 803 4502 A
