2910 5002
429 439 599 504 PRECES
623 441 939 508 QUOTIDIANAE.
1164 451 1208 508 ⁴5

196 636 239 679 ne
260 614 424 678 inveniam
446 613 531 676 iiam

240 742 281 806 ad
302 742 479 805 vanitatem
503 742 703 805 sectandam.

154 871 196 932 In
217 891 310 934 camo
330 850 488 933 et'lraeno
508 869 695 952 constringe
715 867 864 932 maxillas
885 891 982 947 mess,
1121 912 1126 917 -

242 996 372 1080 quando
394 1018 462 1060 non
483 998 670 1080 approximo
690 997 733 1060 ad
753 1004 800 1060 te.
842 997 931 1061 Paul.
954 997 1049 1062 mii.
1072 1003 1104 1064 9.

196 1127 228 1189 Ο
250 1126 392 1190 Domine
414 1125 570 1207 compelle
592 1145 645 1188 me
667 1125 790 1188 intrare
810 1124 853 1188 ad
873 1133 920 1189 te.
968 1125 1047 1189 Lac.
1068 1126 1131 1190 xiv.
1154 1130 1207 1190 23.

491 1461 654 1538 CREDO,
678 1462 875 1533 DOMINE.

192 1711 198 1719 ,
308 1631 441 1693 Patrem

152 1759 194 1822 In
217 1629 298 1972 te{
307 1756 453 1820 Verbum
472 1628 622 1969 }unum
638 1767 757 1830 Deum.

308 1885 465 1970 Spiritum

153 2017 184 2078 1.
204 2017 235 2079 A
257 2023 314 2078 tua
335 2022 472 2099 paterna
486 2013 664 2079 'affectione
686 2034 724 2078 ac
746 2014 896 2098 potentia

413 2151 521 2207 creata
541 2141 661 2206 omnia.

154 2400 185 2459 2.
208 2398 240 2460 A
260 2401 320 2460 tua
339 2395 543 2480 benignitate
564 2415 603 2459 ac
623 2394 759 2460 humani
781 2394 907 2478 generis
927 2415 1037 2462 amore

412 2522 592 2585 maurae
612 2497 730 2599 omnia,
780 2519 878 2604 [epa
901 2522 923 2586 i.
948 2521 1015 2604 ro]

457 2651 493 2714 in
515 2649 626 2714 Verbo
647 2658 724 2713 tuo:

157 2776 254 2842 Quod
275 2783 407 2861 propter
428 2797 487 2841 nor
509 2777 657 2841 homines
678 2775 879 2860 salutemque
899 2783 1044 2840 nostram

531 2905 615 2968 Caro
636 2903 760 2967 lactum
781 2909 841 2980 est,

285 3032 495 3113 conceptum,
684 3031 821 3107 Natum,
881 3084 884 3089 .

286 3158 432 3236 Passum,
686 3157 893 3235 crucifixum,

285 3283 466 3363 Mortuum,
687 3284 868 3368 Sepultum,

287 3410 470 3489 Descendit,
687 3410 887 3489 Resurrerit,

286 3536 451 3615 Ascendit,
685 3537 840 3603 Consedit
862 3537 903 3602 ad
924 3537 1079 3616 dextram,

286 3662 426 3742 Redibit,
687 3664 815 3729 Reddet
836 3666 964 3750 cuique.

157 3910 187 3974 3.
211 3907 264 3971 Ab
286 3906 524 3972 illuminatione
545 3913 579 3972 et
601 3908 786 3992 operatione

376 4037 514 4133 Spiritus
536 4037 586 4102 tui
611 4037 733 4115 Sancti,

414 4165 520 4233 vocari
541 4187 580 4230 ex
602 4167 750 4232 universo

200 4294 354 4379 populum
367 4294 585 4378 acquisitionis
597 4296 632 4360 in
644 4296 840 4374 societatem,
862 4295 940 4380 [lit.
950 4293 983 4360 ii.
998 4293 1050 4360 14.
1068 4296 1153 4360 Ptiz.
1167 4294 1211 4359 iii.
1226 4295 1295 4378 20.]
