2910 5002
440 450 608 516 Pudens
633 447 948 516 QUOTIDIANAE.
1155 444 1218 509 109

256 621 413 685 universa
431 620 568 703 justitias
588 625 718 685 nostrae.

166 751 210 812 Et
232 749 409 812 decidimus
432 748 524 830 quasi
545 746 624 812 folin
644 753 776 830 proptor
797 745 986 829 iniquitates

208 883 344 954 nostras,
367 876 414 938 ita
435 883 551 940 ventus
573 893 632 938 nos
655 872 790 938 auferet.
840 872 912 958 [Ea.
935 873 1011 937 lxiv.
1035 874 1067 952 t,
1090 872 1137 957 6.]

166 1003 210 1066 Et
231 1022 330 1081 nunc,
353 1001 503 1080 Domino,
527 999 626 1067 Pater
647 1008 758 1067 noster
779 1022 814 1066 es
836 1002 895 1074 uu,

202 1131 274 1194 Nos
284 1152 357 1194 vero
366 1130 483 1209 lutum,
496 1151 592 1214 opera
602 1151 758 1194 manuum
767 1136 899 1194 tuarum
907 1150 966 1194 nos
977 1150 1100 1209 omnes,
1115 1129 1221 1214 [Vera.
1234 1128 1280 1213 8.]

210 1262 263 1324 Ne
285 1257 429 1322 irascaris
451 1256 545 1321 nobis
567 1256 669 1335 valde,
694 1263 728 1320 et

168 1408 210 1450 ne
232 1387 318 1450 ultra
339 1384 524 1448 memineris
545 1383 726 1467 iniquitatis
748 1389 877 1448 nostrae.

210 1517 309 1580 Nunc
331 1521 450 1593 autem,
473 1514 574 1577 Ecce!
606 1511 731 1596 respice
753 1511 904 1589 Domine,

250 1644 393 1726 Populus
416 1648 494 1705 tuus
515 1661 628 1706 omncs
650 1661 722 1704 nos.
773 1639 880 1723 [Vera.
902 1637 950 1721 9.]
978 1699 981 1706 .

171 1771 206 1834 Si
227 1771 417 1853 iniquitates
439 1776 559 1835 nostrae
580 1767 766 1832 obstiterint
787 1767 892 1847 nobis,

170 1897 318 1975 Domine,
342 1896 393 1960 fac
416 1896 510 1961 nobis
531 1894 785 1959 misericordiam
805 1901 939 1978 propter
959 1915 1079 1960 nomen
1101 1900 1206 1974 tunm,

170 2024 332 2090 Quoniam
353 2024 464 2088 multae
486 2028 562 2085 sunt
584 2021 766 2086 aversiones
787 2029 918 2099 nostrae,

298 2152 413 2235 quibus
434 2151 497 2215 tibi
517 2149 730 2234 peccavimus.
779 2148 860 2232 [Jer.
883 2150 946 2214 xiv.
971 2149 1016 2233 7.]

254 2280 304 2342 Tu
325 2286 434 2343 autem
456 2280 492 2343 in
514 2277 609 2343 nobis
630 2298 675 2356 es,
698 2277 850 2356 Domine,

150 2413 200 2470 vet
223 2428 341 2470 nomen
362 2413 456 2471 tuum
477 2406 661 2470 invocatum
683 2411 849 2489 estsuper
874 2426 945 2484 nos,

338 2556 381 2598 ne
402 2533 599 2599 obliviscaris
619 2532 733 2597 nostri.
781 2533 888 2618 [Vera.
911 2533 958 2617 9.]

166 2663 500 2747 Exspectationostra,
511 2661 663 2740 Domine,
682 2661 873 2727 Salvatorin
885 2669 1031 2746 tempore
1042 2664 1273 2747 tribulationis,

254 2811 353 2876 quare
376 2789 467 2873 qnasi
488 2789 620 2855 colonus
642 2787 747 2853 factus
769 2809 804 2853 es
825 2788 862 2852 in
883 2795 971 2853 terra
990 2796 1059 2870 tua,

253 2927 287 2983 et
308 2917 398 3002 qnasi
419 2917 523 2982 viator
544 2917 710 2983 declinans
732 2915 773 2980 ad
794 2916 1003 2996 manendum,

380 3047 469 3111 velut
490 3046 538 3110 vir
560 3045 733 3123 dormiens,

252 3181 290 3237 nt
311 3174 403 3238 sortis
424 3173 480 3256 qui
502 3194 569 3236 non
590 3179 696 3256 potest
717 3172 863 3237 salvare?
912 3173 1018 3257 [Vera.
1041 3176 1074 3254 8,
1096 3176 1146 3260 9.]

167 3299 354 3382 Propitiare‚
377 3299 527 3386 Domine,
549 3299 715 3382 iniquitati
735 3304 864 3378 nostra,

209 3435 243 3490 et
256 3434 388 3511 peccata
401 3434 512 3490 nostra
526 3446 568 3489 ne
582 3425 766 3491 memineris
776 3425 924 3510 amplius.
953 3426 1031 3510 [Jcr.
1044 3428 1128 3492 xxxia
1140 3430 1213 3513 34]

167 3554 316 3632 Domine,
341 3575 402 3637 ego
424 3552 570 3632 carnalis,

209 3681 413 3747 venundatus
435 3681 495 3745 snb
516 3689 657 3765 peccato.
701 3682 792 3745 Rom.
814 3680 868 3744 vii.
893 3681 946 3745 14.

167 3813 245 3876 Non
265 3811 392 3874 habitat
412 3811 449 3874 in
470 3831 523 3875 me
539 3811 582 3892 (la.
598 3831 624 3874 e.
640 3810 675 3874 in
696 3830 793 3874 carne
807 3809 890 3892 mea)

295 3938 426 4021 bonum.
479 3937 562 4002 Vera.
580 3937 631 4000 18.
720 4002 723 4006 ,

167 4071 244 4134 Non
266 4068 362 4146 enim,
387 4065 473 4150 quod
493 4066 565 4130 volo
586 4065 717 4144 bonum,
739 4065 800 4130 hoc
822 4065 913 4144 fsoio,

210 4196 267 4260 sed
288 4195 374 4278 quod
394 4194 470 4259 nolo
491 4194 622 4273 malum,
645 4193 708 4258 hoc
729 4215 798 4277 ago.
852 4194 935 4258 Vera.
961 4196 1015 4259 19.

167 4324 352 4402 Consentio,
376 4329 409 4386 et
431 4320 633 4387 condelector
655 4320 720 4403 legi
741 4328 815 4399 tuae,
861 4321 944 4384 Vera.
971 4322 1021 4385 16.
