<?xml version="1.0" encoding="UTF-8"?>
<!DOCTYPE html PUBLIC "-//W3C//DTD XHTML 1.0 Transitional//EN"
    "http://www.w3.org/TR/xhtml1/DTD/xhtml1-transitional.dtd">
<html xmlns="http://www.w3.org/1999/xhtml" xml:lang="en" lang="en">
 <head>
  <title>
</title>
<meta http-equiv="Content-Type" content="text/html;charset=utf-8" />
  <meta name='ocr-system' content='tesseract 3.04.00' />
  <meta name='ocr-capabilities' content='ocr_page ocr_carea ocr_par ocr_line ocrx_word'/>
</head>
<body>
  <div class='ocr_page' id='page_1' title='image "./precesprivataeq00andrgoog_0289.png"; bbox 0 0 2910 5002; ppageno 0'>
   <div class='ocr_carea' id='block_1_1' title="bbox 258 445 1047 514">
    <p class='ocr_par' dir='ltr' id='par_1_1' title="bbox 258 445 1047 514">
     <span class='ocr_line' id='line_1_1' title="bbox 258 445 1047 514; baseline 0.001 -2"><span class='ocrx_word' id='word_1_1' title='bbox 258 448 323 512; x_wconf 82' lang='lat'>268</span> <span class='ocrx_word' id='word_1_2' title='bbox 531 445 702 510; x_wconf 82' lang='lat' dir='ltr'>PRECES</span> <span class='ocrx_word' id='word_1_3' title='bbox 728 445 1047 514; x_wconf 74' lang='lat' dir='ltr'><strong>QUOTIDIANAE.</strong></span> 
     </span>
    </p>
   </div>
   <div class='ocr_carea' id='block_1_2' title="bbox 519 625 728 707">
    <p class='ocr_par' dir='ltr' id='par_1_2' title="bbox 519 625 728 707">
     <span class='ocr_line' id='line_1_2' title="bbox 519 625 728 707; baseline 0.005 -20"><span class='ocrx_word' id='word_1_4' title='bbox 519 625 619 687; x_wconf 82' lang='lat' dir='ltr'>Parce</span> <span class='ocrx_word' id='word_1_5' title='bbox 641 644 728 707; x_wconf 83' lang='lat' dir='ltr'>ergo,</span> 
     </span>
    </p>
   </div>
   <div class='ocr_carea' id='block_1_3' title="bbox 259 745 1073 1090">
    <p class='ocr_par' dir='ltr' id='par_1_3' title="bbox 259 745 1073 1090">
     <span class='ocr_line' id='line_1_3' title="bbox 571 751 873 834; baseline 0.007 -20"><span class='ocrx_word' id='word_1_6' title='bbox 571 751 698 815; x_wconf 90' lang='lat' dir='ltr'>difficile</span> <span class='ocrx_word' id='word_1_7' title='bbox 720 751 873 834; x_wconf 74' lang='lat' dir='ltr'>potentiae</span> 
     </span>
     <span class='ocr_line' id='line_1_4' title="bbox 259 745 1073 1090; baseline 0 -144"><span class='ocrx_word' id='word_1_8' title='bbox 259 879 346 948; x_wconf 79' lang='lat' dir='ltr'>Quia</span> <span class='ocrx_word' id='word_1_9' title='bbox 366 900 434 944; x_wconf 89' lang='lat' dir='ltr'>non</span> <span class='ocrx_word' id='word_1_10' title='bbox 456 885 505 944; x_wconf 89' lang='lat' dir='ltr'>est</span> <span class='ocrx_word' id='word_1_11' title='bbox 520 745 721 1090; x_wconf 56' lang='lat' dir='ltr'>{indecens</span> <span class='ocrx_word' id='word_1_12' title='bbox 741 880 876 964; x_wconf 77' lang='lat' dir='ltr'>justitiae</span> <span class='ocrx_word' id='word_1_13' title='bbox 936 750 1073 1089; x_wconf 50' lang='lat' dir='ltr'>im,</span> 
     </span>
    </p>
   </div>
   <div class='ocr_carea' id='block_1_4' title="bbox 568 1007 934 1072">
    <p class='ocr_par' dir='ltr' id='par_1_4' title="bbox 568 1007 934 1072">
     <span class='ocr_line' id='line_1_5' title="bbox 568 1007 934 1072; baseline 0.003 -1"><span class='ocrx_word' id='word_1_14' title='bbox 568 1007 733 1071; x_wconf 87' lang='lat' dir='ltr'>insolitum</span> <span class='ocrx_word' id='word_1_15' title='bbox 756 1007 934 1072; x_wconf 81' lang='lat' dir='ltr'>clementiae</span> 
     </span>
    </p>
   </div>
   <div class='ocr_carea' id='block_1_5' title="bbox 604 1131 1055 1216">
    <p class='ocr_par' dir='ltr' id='par_1_5' title="bbox 604 1131 1055 1216">
     <span class='ocr_line' id='line_1_6' title="bbox 604 1131 1055 1216; baseline 0.004 -21"><span class='ocrx_word' id='word_1_16' title='bbox 604 1152 736 1216; x_wconf 75' lang='lat' dir='ltr'>parcere</span> <span class='ocrx_word' id='word_1_17' title='bbox 757 1131 970 1216; x_wconf 80' lang='lat' dir='ltr'><strong>delinquenti.</strong></span> <span class='ocrx_word' id='word_1_18' title='bbox 1053 1182 1055 1187; x_wconf 83' lang='lat'>.</span> 
     </span>
    </p>
   </div>
   <div class='ocr_carea' id='block_1_6' title="bbox 259 1259 1093 1455">
    <p class='ocr_par' dir='ltr' id='par_1_6' title="bbox 259 1259 1093 1455">
     <span class='ocr_line' id='line_1_7' title="bbox 317 1259 1037 1344; baseline 0.006 -23"><span class='ocrx_word' id='word_1_19' title='bbox 317 1325 324 1338; x_wconf 59' lang='grc'>,</span> <span class='ocrx_word' id='word_1_20' title='bbox 468 1259 592 1336; x_wconf 77' lang='lat' dir='ltr'>creasti,</span> <span class='ocrx_word' id='word_1_21' title='bbox 891 1260 1037 1344; x_wconf 81' lang='lat' dir='ltr'>perimas,</span> 
     </span>
     <span class='ocr_line' id='line_1_8' title="bbox 259 1274 872 1454; baseline 0 -64"><span class='ocrx_word' id='word_1_22' title='bbox 259 1324 326 1390; x_wconf 79' lang='lat' dir='ltr'>Qu1</span> <span class='ocrx_word' id='word_1_23' title='bbox 348 1347 400 1389; x_wconf 88' lang='lat' dir='ltr'>me</span> <span class='ocrx_word' id='word_1_24' title='bbox 421 1274 455 1450; x_wconf 58' lang='lat'>{</span> <span class='ocrx_word' id='word_1_25' title='bbox 621 1385 628 1398; x_wconf 84' lang='lat'>,</span> <span class='ocrx_word' id='word_1_26' title='bbox 698 1349 739 1391; x_wconf 92' lang='lat' dir='ltr'>ne</span> <span class='ocrx_word' id='word_1_27' title='bbox 765 1347 817 1390; x_wconf 87' lang='lat' dir='ltr'>me</span> <span class='ocrx_word' id='word_1_28' title='bbox 839 1277 872 1454; x_wconf 65' lang='lat'><em>{</em></span> 
     </span>
     <span class='ocr_line' id='line_1_9' title="bbox 890 1389 1093 1455; baseline 0.015 -3"><span class='ocrx_word' id='word_1_29' title='bbox 890 1389 1093 1455; x_wconf 84' lang='lat' dir='ltr'>condemnes.</span> 
     </span>
    </p>
   </div>
   <div class='ocr_carea' id='block_1_7' title="bbox 259 1384 1141 4146">
    <p class='ocr_par' dir='ltr' id='par_1_7' title="bbox 259 1384 1141 4146">
     <span class='ocr_line' id='line_1_10' title="bbox 465 1384 641 1464; baseline -0.011 -15"><span class='ocrx_word' id='word_1_30' title='bbox 465 1384 641 1464; x_wconf 79' lang='lat' dir='ltr'>redemisti,</span> 
     </span>
     <span class='ocr_line' id='line_1_11' title="bbox 261 1510 804 1594; baseline -0.004 -15"><span class='ocrx_word' id='word_1_31' title='bbox 261 1512 326 1579; x_wconf 83' lang='lat' dir='ltr'>Qui</span> <span class='ocrx_word' id='word_1_32' title='bbox 348 1534 400 1576; x_wconf 89' lang='lat' dir='ltr'>me</span> <span class='ocrx_word' id='word_1_33' title='bbox 423 1512 536 1577; x_wconf 77' lang='lat' dir='ltr'>creasti</span> <span class='ocrx_word' id='word_1_34' title='bbox 558 1510 628 1576; x_wconf 79' lang='lat' dir='ltr'>&#39;lua</span> <span class='ocrx_word' id='word_1_35' title='bbox 648 1512 804 1594; x_wconf 81' lang='lat' dir='ltr'>bonitate,</span> 
     </span>
     <span class='ocr_line' id='line_1_12' title="bbox 302 1639 1015 1724; baseline 0.003 -20"><span class='ocrx_word' id='word_1_36' title='bbox 302 1639 356 1704; x_wconf 88' lang='lat' dir='ltr'>Ne</span> <span class='ocrx_word' id='word_1_37' title='bbox 378 1645 487 1722; x_wconf 89' lang='lat' dir='ltr'>pereat</span> <span class='ocrx_word' id='word_1_38' title='bbox 510 1661 590 1723; x_wconf 88' lang='lat' dir='ltr'>opus</span> <span class='ocrx_word' id='word_1_39' title='bbox 612 1640 719 1703; x_wconf 77' lang='lat' dir='ltr'>Tuum</span> <span class='ocrx_word' id='word_1_40' title='bbox 741 1661 814 1704; x_wconf 90' lang='lat' dir='ltr'>mea</span> <span class='ocrx_word' id='word_1_41' title='bbox 835 1640 1015 1724; x_wconf 84' lang='lat' dir='ltr'>iniquitate.</span> 
     </span>
     <span class='ocr_line' id='line_1_13' title="bbox 389 1767 987 1852; baseline 0.002 -20"><span class='ocrx_word' id='word_1_42' title='bbox 389 1768 538 1851; x_wconf 80' lang='lat' dir='ltr'>Agnosce</span> <span class='ocrx_word' id='word_1_43' title='bbox 559 1767 594 1829; x_wconf 93' lang='lat' dir='ltr'>in</span> <span class='ocrx_word' id='word_1_44' title='bbox 616 1788 668 1831; x_wconf 92' lang='lat' dir='ltr'>me</span> <span class='ocrx_word' id='word_1_45' title='bbox 691 1768 778 1852; x_wconf 87' lang='lat' dir='ltr'>quod</span> <span class='ocrx_word' id='word_1_46' title='bbox 800 1775 848 1833; x_wconf 87' lang='lat' dir='ltr'>est</span> <span class='ocrx_word' id='word_1_47' title='bbox 870 1770 987 1848; x_wconf 74' lang='lat' dir='ltr'>Tuum,</span> 
     </span>
     <span class='ocr_line' id='line_1_14' title="bbox 434 1897 1013 1982; baseline 0.005 -22"><span class='ocrx_word' id='word_1_48' title='bbox 434 1899 478 1961; x_wconf 87' lang='lat' dir='ltr'>Et</span> <span class='ocrx_word' id='word_1_49' title='bbox 499 1897 577 1960; x_wconf 90' lang='lat' dir='ltr'>tolle</span> <span class='ocrx_word' id='word_1_50' title='bbox 599 1919 619 1960; x_wconf 89' lang='lat' dir='ltr'>a</span> <span class='ocrx_word' id='word_1_51' title='bbox 640 1918 693 1961; x_wconf 90' lang='lat' dir='ltr'>me</span> <span class='ocrx_word' id='word_1_52' title='bbox 715 1897 802 1982; x_wconf 92' lang='lat' dir='ltr'>quod</span> <span class='ocrx_word' id='word_1_53' title='bbox 821 1905 871 1963; x_wconf 85' lang='lat' dir='ltr'>ost</span> <span class='ocrx_word' id='word_1_54' title='bbox 891 1919 1013 1963; x_wconf 89' lang='lat' dir='ltr'>meum.</span> 
     </span>
     <span class='ocr_line' id='line_1_15' title="bbox 262 2025 731 2109; baseline -0.002 -20"><span class='ocrx_word' id='word_1_55' title='bbox 262 2025 398 2109; x_wconf 78' lang='lat' dir='ltr'>Respice</span> <span class='ocrx_word' id='word_1_56' title='bbox 421 2025 463 2089; x_wconf 86' lang='lat' dir='ltr'>ad</span> <span class='ocrx_word' id='word_1_57' title='bbox 483 2046 537 2089; x_wconf 92' lang='lat' dir='ltr'>me</span> <span class='ocrx_word' id='word_1_58' title='bbox 559 2025 731 2104; x_wconf 81' lang='lat' dir='ltr'>infelicem,</span> 
     </span>
     <span class='ocr_line' id='line_1_16' title="bbox 434 2151 740 2216; baseline 0 -1"><span class='ocrx_word' id='word_1_59' title='bbox 434 2153 543 2216; x_wconf 79' lang='lat' dir='ltr'>Pietas</span> <span class='ocrx_word' id='word_1_60' title='bbox 565 2151 740 2215; x_wconf 84' lang='lat' dir='ltr'>immensa:</span> 
     </span>
     <span class='ocr_line' id='line_1_17' title="bbox 391 2278 729 2355; baseline 0 -12"><span class='ocrx_word' id='word_1_61' title='bbox 391 2279 433 2343; x_wconf 90' lang='lat' dir='ltr'>ad</span> <span class='ocrx_word' id='word_1_62' title='bbox 454 2299 507 2343; x_wconf 86' lang='lat' dir='ltr'>me</span> <span class='ocrx_word' id='word_1_63' title='bbox 529 2278 729 2355; x_wconf 83' lang='lat' dir='ltr'>sceleratum,</span> 
     </span>
     <span class='ocr_line' id='line_1_18' title="bbox 478 2405 860 2490; baseline -0.008 -17"><span class='ocrx_word' id='word_1_64' title='bbox 478 2406 701 2473; x_wconf 75' lang='lat' dir='ltr'>Misericordia</span> <span class='ocrx_word' id='word_1_65' title='bbox 721 2405 860 2490; x_wconf 83' lang='lat' dir='ltr'>publica.</span> 
     </span>
     <span class='ocr_line' id='line_1_19' title="bbox 262 2533 894 2618; baseline 0 -19"><span class='ocrx_word' id='word_1_66' title='bbox 262 2537 415 2599; x_wconf 89' lang='lat' dir='ltr'>Infirmus</span> <span class='ocrx_word' id='word_1_67' title='bbox 438 2535 479 2598; x_wconf 89' lang='lat' dir='ltr'>ad</span> <span class='ocrx_word' id='word_1_68' title='bbox 501 2535 767 2618; x_wconf 81' lang='lat' dir='ltr'>omnipotentem</span> <span class='ocrx_word' id='word_1_69' title='bbox 789 2533 894 2610; x_wconf 87' lang='lat' dir='ltr'>venio,</span> 
     </span>
     <span class='ocr_line' id='line_1_20' title="bbox 303 2661 882 2728; baseline -0.009 0"><span class='ocrx_word' id='word_1_70' title='bbox 303 2664 501 2728; x_wconf 86' lang='lat' dir='ltr'>Vulneratus</span> <span class='ocrx_word' id='word_1_71' title='bbox 524 2662 565 2726; x_wconf 92' lang='lat' dir='ltr'>ad</span> <span class='ocrx_word' id='word_1_72' title='bbox 588 2661 756 2726; x_wconf 85' lang='lat' dir='ltr'>Medicum</span> <span class='ocrx_word' id='word_1_73' title='bbox 779 2681 882 2725; x_wconf 86' lang='lat' dir='ltr'>curro.</span> 
     </span>
     <span class='ocr_line' id='line_1_21' title="bbox 263 2787 1041 2874; baseline -0.006 -18"><span class='ocrx_word' id='word_1_74' title='bbox 263 2793 361 2856; x_wconf 85' lang='lat' dir='ltr'>Serva</span> <span class='ocrx_word' id='word_1_75' title='bbox 382 2789 463 2853; x_wconf 92' lang='lat' dir='ltr'>mihi</span> <span class='ocrx_word' id='word_1_76' title='bbox 485 2788 767 2854; x_wconf 89' lang='lat' dir='ltr'>mansuetudinem</span> <span class='ocrx_word' id='word_1_77' title='bbox 788 2787 1015 2868; x_wconf 79' lang='lat' dir='ltr'>miserationis,</span> <span class='ocrx_word' id='word_1_78' title='bbox 1036 2866 1041 2874; x_wconf 90' lang='lat'><em>.</em></span> 
     </span>
     <span class='ocr_line' id='line_1_22' title="bbox 305 2914 1067 3000; baseline -0.007 -16"><span class='ocrx_word' id='word_1_79' title='bbox 305 2918 371 2985; x_wconf 79' lang='lat' dir='ltr'>Qui</span> <span class='ocrx_word' id='word_1_80' title='bbox 392 2916 519 2981; x_wconf 91' lang='lat' dir='ltr'>tamdiu</span> <span class='ocrx_word' id='word_1_81' title='bbox 540 2915 737 3000; x_wconf 87' lang='lat' dir='ltr'>suspendisti</span> <span class='ocrx_word' id='word_1_82' title='bbox 758 2914 902 2998; x_wconf 85' lang='lat' dir='ltr'>gladium</span> <span class='ocrx_word' id='word_1_83' title='bbox 923 2914 1067 2979; x_wconf 68' lang='lat' dir='ltr'>ultima</span> 
     </span>
     <span class='ocr_line' id='line_1_23' title="bbox 260 3042 1003 3122; baseline -0.007 -12"><span class='ocrx_word' id='word_1_84' title='bbox 260 3045 342 3111; x_wconf 88' lang='lat' dir='ltr'>Delo</span> <span class='ocrx_word' id='word_1_85' title='bbox 363 3044 630 3109; x_wconf 85' lang='lat' dir='ltr'>numerositatem</span> <span class='ocrx_word' id='word_1_86' title='bbox 652 3042 825 3107; x_wconf 87' lang='lat' dir='ltr'>criminum</span> <span class='ocrx_word' id='word_1_87' title='bbox 847 3063 1003 3122; x_wconf 88' lang='lat' dir='ltr'>meorum,</span> 
     </span>
     <span class='ocr_line' id='line_1_24' title="bbox 305 3169 1141 3236; baseline -0.002 0"><span class='ocrx_word' id='word_1_88' title='bbox 305 3173 437 3236; x_wconf 87' lang='lat' dir='ltr'>Renova</span> <span class='ocrx_word' id='word_1_89' title='bbox 457 3169 701 3235; x_wconf 89' lang='lat' dir='ltr'>multitudinem</span> <span class='ocrx_word' id='word_1_90' title='bbox 722 3169 965 3235; x_wconf 86' lang='lat' dir='ltr'>miserationum</span> <span class='ocrx_word' id='word_1_91' title='bbox 987 3170 1141 3236; x_wconf 69' lang='lat' dir='ltr'>rumam.</span> 
     </span>
     <span class='ocr_line' id='line_1_25' title="bbox 262 3298 571 3366; baseline -0.016 0"><span class='ocrx_word' id='word_1_92' title='bbox 262 3298 476 3366; x_wconf 81' lang='lat' dir='ltr'>Quantumvis</span> <span class='ocrx_word' id='word_1_93' title='bbox 499 3319 571 3361; x_wconf 89' lang='lat' dir='ltr'>sum</span> 
     </span>
     <span class='ocr_line' id='line_1_26' title="bbox 376 3423 1094 3504; baseline -0.001 -15"><span class='ocrx_word' id='word_1_94' title='bbox 376 3424 574 3504; x_wconf 91' lang='lat' dir='ltr'>immundus,</span> <span class='ocrx_word' id='word_1_95' title='bbox 928 3423 1094 3503; x_wconf 86' lang='lat' dir='ltr'>mundare,</span> 
     </span>
     <span class='ocr_line' id='line_1_27' title="bbox 377 3551 1119 3704; baseline -0.001 -20"><span class='ocrx_word' id='word_1_96' title='bbox 377 3575 491 3695; x_wconf 51' lang='lat' dir='ltr'>‘Qu&#39;</span> <span class='ocrx_word' id='word_1_97' title='bbox 636 3621 686 3684; x_wconf 81' lang='lat' dir='ltr'>Tu</span> <span class='ocrx_word' id='word_1_98' title='bbox 708 3627 799 3704; x_wconf 89' lang='lat' dir='ltr'>potes</span> <span class='ocrx_word' id='word_1_99' title='bbox 821 3640 897 3684; x_wconf 91' lang='lat' dir='ltr'>me.</span> <span class='ocrx_word' id='word_1_100' title='bbox 927 3551 1119 3630; x_wconf 59' lang='lat' dir='ltr'>lumm’</span> 
     </span>
     <span class='ocr_line' id='line_1_28' title="bbox 379 3682 1051 3760; baseline -0.001 -16"><span class='ocrx_word' id='word_1_101' title='bbox 379 3682 535 3760; x_wconf 76' lang='lat' dir='ltr'>infirmus,</span> <span class='ocrx_word' id='word_1_102' title='bbox 928 3700 1051 3757; x_wconf 83' lang='lat' dir='ltr'>sanare,</span> 
     </span>
     <span class='ocr_line' id='line_1_29' title="bbox 259 3806 1126 3886; baseline -0.005 -12"><span class='ocrx_word' id='word_1_103' title='bbox 259 3810 309 3874; x_wconf 81' lang='lat' dir='ltr'>vel</span> <span class='ocrx_word' id='word_1_104' title='bbox 332 3809 360 3873; x_wconf 86' lang='lat' dir='ltr'>si</span> <span class='ocrx_word' id='word_1_105' title='bbox 382 3816 539 3886; x_wconf 83' lang='lat' dir='ltr'>mortuus,</span> <span class='ocrx_word' id='word_1_106' title='bbox 927 3806 1126 3874; x_wconf 80' lang='lat' dir='ltr'>resuscitare.</span> 
     </span>
     <span class='ocr_line' id='line_1_30' title="bbox 260 3934 1054 4018; baseline -0.005 -15"><span class='ocrx_word' id='word_1_107' title='bbox 260 3936 499 4018; x_wconf 71' lang='lat' dir='ltr'>Qualiscumque</span> <span class='ocrx_word' id='word_1_108' title='bbox 522 3956 603 4013; x_wconf 88' lang='lat' dir='ltr'>sum,</span> <span class='ocrx_word' id='word_1_109' title='bbox 627 3934 693 4000; x_wconf 80' lang='lat' dir='ltr'>sive</span> <span class='ocrx_word' id='word_1_110' title='bbox 714 3935 829 4016; x_wconf 84' lang='lat' dir='ltr'>bonus,</span> <span class='ocrx_word' id='word_1_111' title='bbox 852 3936 917 4002; x_wconf 89' lang='lat' dir='ltr'>sive</span> <span class='ocrx_word' id='word_1_112' title='bbox 940 3937 1054 4014; x_wconf 88' lang='lat' dir='ltr'>malus,</span> 
     </span>
     <span class='ocr_line' id='line_1_31' title="bbox 433 4065 771 4146; baseline 0.009 -19"><span class='ocrx_word' id='word_1_113' title='bbox 433 4085 558 4146; x_wconf 86' lang='lat' dir='ltr'>semper</span> <span class='ocrx_word' id='word_1_114' title='bbox 580 4065 667 4129; x_wconf 81' lang='lat' dir='ltr'>Tuus</span> <span class='ocrx_word' id='word_1_115' title='bbox 688 4087 771 4130; x_wconf 87' lang='lat' dir='ltr'>sum.</span> 
     </span>
    </p>
   </div>
   <div class='ocr_carea' id='block_1_8' title="bbox 261 4193 1097 4405">
    <p class='ocr_par' dir='ltr' id='par_1_8' title="bbox 261 4193 1097 4405">
     <span class='ocr_line' id='line_1_32' title="bbox 261 4193 1083 4390; baseline 0.001 -73"><span class='ocrx_word' id='word_1_116' title='bbox 261 4252 297 4317; x_wconf 85' lang='lat' dir='ltr'>Si</span> <span class='ocrx_word' id='word_1_117' title='bbox 315 4252 366 4317; x_wconf 77' lang='lat' dir='ltr'>&#39;l&#39;u</span> <span class='ocrx_word' id='word_1_118' title='bbox 383 4273 435 4317; x_wconf 90' lang='lat' dir='ltr'>mc</span> <span class='ocrx_word' id='word_1_119' title='bbox 448 4209 482 4388; x_wconf 60' lang='lat'>{</span> <span class='ocrx_word' id='word_1_120' title='bbox 496 4212 609 4333; x_wconf 52' lang='lat' dir='ltr'>em,</span> <span class='ocrx_word' id='word_1_121' title='bbox 704 4252 776 4336; x_wconf 89' lang='lat' dir='ltr'>quis</span> <span class='ocrx_word' id='word_1_122' title='bbox 798 4274 850 4318; x_wconf 88' lang='lat' dir='ltr'>me</span> <span class='ocrx_word' id='word_1_123' title='bbox 873 4193 1083 4390; x_wconf 45' lang='lat' dir='ltr'>{ww</span> 
     </span>
     <span class='ocr_line' id='line_1_33' title="bbox 493 4318 1097 4405; baseline 0 -21"><span class='ocrx_word' id='word_1_124' title='bbox 493 4318 640 4404; x_wconf 75' lang='lat' dir='ltr'>despicis,</span> <span class='ocrx_word' id='word_1_125' title='bbox 921 4320 1097 4405; x_wconf 80' lang='lat' dir='ltr'>resprcret?</span> 
     </span>
    </p>
   </div>
   <div class='ocr_carea' id='block_1_9' title="bbox 0 0 1466 5002">
    <p class='ocr_par' dir='ltr' id='par_1_9' title="bbox 0 0 1466 5002">
     <span class='ocr_line' id='line_1_34' title="bbox 0 0 1466 5002; baseline 0 0"><span class='ocrx_word' id='word_1_126' title='bbox 0 0 1466 5002; x_wconf 95' lang='lat' dir='ltr'> </span> 
     </span>
    </p>
   </div>
  </div>
 </body>
</html>
