2910 5002
239 432 305 495 314
511 432 680 496 PRECES
705 431 1021 498 QUOTIDIANAE.

307 602 338 665 6.
365 601 526 685 Spiritum
548 601 705 680 emittere,
753 598 862 684 [Isiu]

310 732 339 794 7.
363 728 465 793 Latus
488 728 601 792 lsncee
621 726 785 811 perferen,
832 727 935 811 [Vers.
959 726 1026 812 34]

308 857 340 920 8.
362 856 533 920 Mortuum
555 855 778 938 blasphemari,
825 855 934 940 [Matt.
955 855 1050 921 xxvii.
1073 855 1140 940 63.]

306 990 337 1052 9.
362 981 497 1049 Πλάνον
517 985 632 1063 voces-i,
677 983 786 1068 [Isiu]

288 1111 340 1175 10.
360 1109 546 1193 Ἀγνωστοι
566 1109 724 1189 βάσανοι.

243 1320 306 1384 Per
326 1340 437 1404 poenss
458 1321 552 1399 Tuus,
576 1343 655 1406 quas
677 1342 737 1406 ego
759 1321 912 1406 indiguus
934 1322 986 1386 hic
1007 1321 1123 1400 recolo,

288 1447 444 1512 Animam
466 1469 573 1513 meam
596 1470 616 1512 s
636 1450 740 1532 poenis
762 1449 881 1513 inferni
903 1449 1011 1514 libers.

558 1660 587 1723 1.
612 1660 718 1739 Pater,
742 1660 879 1724 dimitte
927 1660 1015 1745 [Luc.
1040 1659 1126 1724 xxiii.
1149 1657 1217 1743 84]

556 1789 587 1852 2.
611 1788 743 1867 Mulier,
766 1809 840 1854 ecce
861 1787 985 1852 filium!
1034 1787 1096 1872 [Jo.
1119 1788 1183 1854 xix.
1205 1788 1274 1874 26.]

247 1916 377 2000 Septem
398 1914 496 1980 verba
556 1916 587 1980 3.
614 1914 721 1979 Hodie
730 1914 863 1979 Mecum
876 1915 938 1978 eris
949 1915 985 1978 in
996 1916 1158 1982 Psssdiso.
1174 1917 1265 2001 [Luc.
1278 1919 1365 1987 xxiii.
1376 1922 1439 2007 43.]

311 2043 432 2109 Christi
555 2047 586 2109 4.
610 2044 673 2120 Eli,
696 2043 758 2108 Eli.
807 2042 915 2127 [Mati.
939 2044 1032 2108 xxvii.
1057 2045 1123 2128 46.]

282 2172 465 2251 novissime,
556 2175 586 2236 5.
614 2173 705 2237 Sitio.
754 2173 816 2258 [λυ.
840 2173 903 2238 xix.
926 2173 993 2258 28.]

555 2302 587 2364 6.
611 2301 880 2365 Consummatum
902 2307 959 2364 est
1008 2301 1112 2386 [Vere.
1136 2302 1206 2384 30.]

556 2432 586 2494 7.
611 2424 1341 2527 Peter,inmsnus'l¹uus,etc.[Luc.xxiii.‹1t3.]

244 2644 273 2704 l.
298 2640 364 2708 Qui
385 2639 559 2724 gloriosum
581 2646 678 2723 caput
699 2639 861 2703 vulnerari
882 2638 1021 2717 voluisti,

327 2768 457 2852 ignosce
478 2788 535 2852 per
556 2766 646 2845 illud,

364 2927 367 2931 v
416 2894 569 2979 quicquid
590 2895 703 2978 cupitis
725 2894 789 2957 mei
811 2894 957 2958 sensibus
978 2894 1107 2978 deliqui.

242 3024 272 3085 2.
297 3021 362 3090 Qui
384 2997 488 3087 sacres
509 3042 625 3086 munus
647 3020 724 3099 fodi,

327 3149 457 3233 ignosce
478 3170 536 3233 per
556 3148 637 3227 illas,

415 3277 569 3360 quicquid
590 3294 647 3359 per
668 3282 792 3339 tactum
814 3274 975 3354 illicitum,

501 3405 718 3488 operationem
740 3404 896 3469 illicitam,

241 3531 272 3595 8.
297 3532 363 3600 Qui
384 3533 560 3616 pretiosum
583 3533 668 3596 letus
691 3532 852 3615 perforari,

326 3661 456 3744 ignosce
477 3682 535 3746 per
555 3661 645 3737 illud,

414 3789 568 3874 quicquid
589 3811 646 3873 per
667 3789 795 3854 illicitus
818 3788 1028 3872 cogitationes

498 3917 534 3980 iu
557 3917 670 3982 ardore
692 3916 843 3981 libidinis.

240 4045 270 4106 4.
296 4042 361 4108 Qui
383 4043 494 4107 beatos
515 4044 612 4127 pedes
634 4045 750 4127 suffigi,

325 4169 455 4252 ignosce
478 4192 533 4253 per
555 4172 635 4247 illos,

412 4296 561 4379 quicquid
584 4319 641 4379 per
661 4299 820 4362 incessum
843 4300 960 4382 pedum

496 4425 650 4491 velocium
674 4427 712 4492 ad
737 4426 867 4492 mulum.
