<?xml version="1.0" encoding="UTF-8"?>
<!DOCTYPE html PUBLIC "-//W3C//DTD XHTML 1.0 Transitional//EN"
    "http://www.w3.org/TR/xhtml1/DTD/xhtml1-transitional.dtd">
<html xmlns="http://www.w3.org/1999/xhtml" xml:lang="en" lang="en">
 <head>
  <title>
</title>
<meta http-equiv="Content-Type" content="text/html;charset=utf-8" />
  <meta name='ocr-system' content='tesseract 3.04.00' />
  <meta name='ocr-capabilities' content='ocr_page ocr_carea ocr_par ocr_line ocrx_word'/>
</head>
<body>
  <div class='ocr_page' id='page_1' title='image "./precesprivataeq00andrgoog_0189.png"; bbox 0 0 2910 5002; ppageno 0'>
   <div class='ocr_carea' id='block_1_1' title="bbox 427 444 1209 511">
    <p class='ocr_par' dir='ltr' id='par_1_1' title="bbox 427 444 1209 511">
     <span class='ocr_line' id='line_1_1' title="bbox 427 444 1209 511; baseline 0.003 -5"><span class='ocrx_word' id='word_1_1' title='bbox 427 444 596 508; x_wconf 78' lang='lat' dir='ltr'><strong>PREOES</strong></span> <span class='ocrx_word' id='word_1_2' title='bbox 621 444 940 511; x_wconf 77' lang='lat' dir='ltr'><strong>QUOTIDIANAE.</strong></span> <span class='ocrx_word' id='word_1_3' title='bbox 1146 447 1209 509; x_wconf 90' lang='grc'>169</span> 
     </span>
    </p>
   </div>
   <div class='ocr_carea' id='block_1_2' title="bbox 400 1011 967 1097">
    <p class='ocr_par' dir='ltr' id='par_1_2' title="bbox 400 1011 967 1097">
     <span class='ocr_line' id='line_1_2' title="bbox 400 1011 967 1097; baseline -0.004 -6"><span class='ocrx_word' id='word_1_4' title='bbox 400 1011 556 1097; x_wconf 89' lang='lat' dir='ltr'>DIEI</span> <span class='ocrx_word' id='word_1_5' title='bbox 610 1013 967 1092; x_wconf 88' lang='lat' dir='ltr'>SEPTIMAE.</span> 
     </span>
    </p>
   </div>
   <div class='ocr_carea' id='block_1_3' title="bbox 154 1213 1211 2069">
    <p class='ocr_par' dir='ltr' id='par_1_3' title="bbox 154 1213 1211 2069">
     <span class='ocr_line' id='line_1_3' title="bbox 160 1213 669 1291; baseline -0.004 -12"><span class='ocrx_word' id='word_1_6' title='bbox 160 1214 359 1291; x_wconf 77' lang='grc' dir='ltr'><strong>ΒΟΜΙΝΕ,</strong></span> <span class='ocrx_word' id='word_1_7' title='bbox 382 1213 535 1277; x_wconf 84' lang='lat' dir='ltr'>miserere</span> <span class='ocrx_word' id='word_1_8' title='bbox 556 1213 669 1291; x_wconf 75' lang='lat' dir='ltr'>nostri,</span> 
     </span>
     <span class='ocr_line' id='line_1_4' title="bbox 286 1340 727 1424; baseline -0.002 -19"><span class='ocrx_word' id='word_1_9' title='bbox 286 1342 332 1405; x_wconf 77' lang='lat' dir='ltr'>&#39;l&#39;e</span> <span class='ocrx_word' id='word_1_10' title='bbox 354 1341 442 1406; x_wconf 85' lang='lat' dir='ltr'>enim</span> <span class='ocrx_word' id='word_1_11' title='bbox 464 1340 727 1424; x_wconf 75' lang='lat' dir='ltr'>exspectavimus,</span> 
     </span>
     <span class='ocr_line' id='line_1_5' title="bbox 155 1467 776 1546; baseline -0.002 -15"><span class='ocrx_word' id='word_1_12' title='bbox 155 1469 235 1540; x_wconf 78' lang='lat' dir='ltr'>Esto</span> <span class='ocrx_word' id='word_1_13' title='bbox 256 1467 424 1532; x_wconf 80' lang='lat' dir='ltr'><strong>brachium</strong></span> <span class='ocrx_word' id='word_1_14' title='bbox 446 1475 594 1531; x_wconf 83' lang='lat' dir='ltr'>nostrum</span> <span class='ocrx_word' id='word_1_15' title='bbox 615 1467 650 1530; x_wconf 91' lang='lat' dir='ltr'>in</span> <span class='ocrx_word' id='word_1_16' title='bbox 671 1488 776 1546; x_wconf 81' lang='lat' dir='ltr'>mane,</span> 
     </span>
     <span class='ocr_line' id='line_1_6' title="bbox 154 1596 1211 1681; baseline 0 -21"><span class='ocrx_word' id='word_1_17' title='bbox 154 1605 188 1660; x_wconf 85' lang='lat' dir='ltr'>et</span> <span class='ocrx_word' id='word_1_18' title='bbox 211 1596 304 1661; x_wconf 79' lang='lat' dir='ltr'>Salus</span> <span class='ocrx_word' id='word_1_19' title='bbox 325 1602 435 1660; x_wconf 81' lang='lat' dir='ltr'>nostra</span> <span class='ocrx_word' id='word_1_20' title='bbox 457 1596 492 1658; x_wconf 92' lang='lat' dir='ltr'>in</span> <span class='ocrx_word' id='word_1_21' title='bbox 514 1603 660 1681; x_wconf 87' lang='lat' dir='ltr'>tempore</span> <span class='ocrx_word' id='word_1_22' title='bbox 682 1596 910 1660; x_wconf 83' lang='lat' dir='ltr'>tribulationis.</span> <span class='ocrx_word' id='word_1_23' title='bbox 955 1599 1023 1661; x_wconf 82' lang='lat' dir='ltr'>Iea.</span> <span class='ocrx_word' id='word_1_24' title='bbox 1046 1597 1154 1671; x_wconf 73' lang='lat' dir='ltr'>xxxiii,</span> <span class='ocrx_word' id='word_1_25' title='bbox 1179 1601 1211 1660; x_wconf 84' lang='lat'>2.</span> 
     </span>
     <span class='ocr_line' id='line_1_7' title="bbox 328 1723 765 1805; baseline 0.002 -17"><span class='ocrx_word' id='word_1_26' title='bbox 328 1723 525 1788; x_wconf 84' lang='lat' dir='ltr'><strong>Benedictus</strong></span> <span class='ocrx_word' id='word_1_27' title='bbox 547 1746 591 1804; x_wconf 81' lang='lat' dir='ltr'>ee,</span> <span class='ocrx_word' id='word_1_28' title='bbox 616 1725 765 1805; x_wconf 86' lang='lat' dir='ltr'>Domine,</span> 
     </span>
     <span class='ocr_line' id='line_1_8' title="bbox 155 1852 660 1936; baseline -0.004 -18"><span class='ocrx_word' id='word_1_29' title='bbox 155 1852 221 1919; x_wconf 78' lang='lat' dir='ltr'>Qui</span> <span class='ocrx_word' id='word_1_30' title='bbox 243 1853 426 1936; x_wconf 83' lang='lat' dir='ltr'>requievisti</span> <span class='ocrx_word' id='word_1_31' title='bbox 449 1852 500 1916; x_wconf 88' lang='lat' dir='ltr'>die</span> <span class='ocrx_word' id='word_1_32' title='bbox 523 1853 660 1936; x_wconf 88' lang='lat' dir='ltr'>septimo</span> 
     </span>
     <span class='ocr_line' id='line_1_9' title="bbox 242 1948 723 2069; baseline -0.008 -26"><span class='ocrx_word' id='word_1_33' title='bbox 242 1980 283 2043; x_wconf 90' lang='lat' dir='ltr'>ab</span> <span class='ocrx_word' id='word_1_34' title='bbox 306 1981 395 2043; x_wconf 90' lang='lat' dir='ltr'>omni</span> <span class='ocrx_word' id='word_1_35' title='bbox 417 1948 512 2069; x_wconf 76' lang='lat' dir='ltr'>apere</span> <span class='ocrx_word' id='word_1_36' title='bbox 534 1989 601 2059; x_wconf 88' lang='lat' dir='ltr'>tuo,</span> <span class='ocrx_word' id='word_1_37' title='bbox 719 2033 723 2039; x_wconf 69' lang='lat'><em>,</em></span> 
     </span>
    </p>
   </div>
   <div class='ocr_carea' id='block_1_4' title="bbox 328 2109 824 2444">
    <p class='ocr_par' dir='ltr' id='par_1_4' title="bbox 328 2109 824 2444">
     <span class='ocr_line' id='line_1_10' title="bbox 328 2109 586 2185; baseline 0 -13"><span class='ocrx_word' id='word_1_38' title='bbox 328 2117 361 2172; x_wconf 91' lang='lat' dir='ltr'>et</span> <span class='ocrx_word' id='word_1_39' title='bbox 383 2109 586 2185; x_wconf 77' lang='lat' dir='ltr'>benedixisti,</span> 
     </span>
     <span class='ocr_line' id='line_1_11' title="bbox 371 2238 824 2314; baseline -0.004 -13"><span class='ocrx_word' id='word_1_40' title='bbox 371 2246 405 2301; x_wconf 90' lang='lat' dir='ltr'>et</span> <span class='ocrx_word' id='word_1_41' title='bbox 428 2238 633 2301; x_wconf 80' lang='lat' dir='ltr'>sanctificasti</span> <span class='ocrx_word' id='word_1_42' title='bbox 821 2309 824 2314; x_wconf 23' lang='lat'>¹</span> 
     </span>
     <span class='ocr_line' id='line_1_12' title="bbox 412 2363 803 2444; baseline 0.005 -18"><span class='ocrx_word' id='word_1_43' title='bbox 412 2363 511 2426; x_wconf 91' lang='lat' dir='ltr'>illum.</span> <span class='ocrx_word' id='word_1_44' title='bbox 562 2365 637 2429; x_wconf 81' lang='lat' dir='ltr'>Gen.</span> <span class='ocrx_word' id='word_1_45' title='bbox 660 2366 693 2428; x_wconf 87' lang='lat' dir='ltr'>ii.</span> <span class='ocrx_word' id='word_1_46' title='bbox 718 2370 748 2444; x_wconf 83' lang='lat'>2,</span> <span class='ocrx_word' id='word_1_47' title='bbox 772 2370 803 2428; x_wconf 90' lang='lat'>3.</span> 
     </span>
    </p>
   </div>
   <div class='ocr_carea' id='block_1_5' title="bbox 153 2551 934 3150">
    <p class='ocr_par' dir='ltr' id='par_1_5' title="bbox 154 2551 681 2636">
     <span class='ocr_line' id='line_1_13' title="bbox 154 2551 681 2636; baseline 0.004 -19"><span class='ocrx_word' id='word_1_48' title='bbox 154 2551 237 2618; x_wconf 81' lang='lat' dir='ltr'>Quae</span> <span class='ocrx_word' id='word_1_49' title='bbox 260 2551 299 2614; x_wconf 88' lang='lat' dir='ltr'>ad</span> <span class='ocrx_word' id='word_1_50' title='bbox 324 2551 502 2616; x_wconf 83' lang='lat' dir='ltr'>Sabbatum</span> <span class='ocrx_word' id='word_1_51' title='bbox 525 2560 681 2636; x_wconf 78' lang='lat' dir='ltr'>spectant,</span> 
     </span>
    </p>

    <p class='ocr_par' dir='ltr' id='par_1_6' title="bbox 153 2678 934 2888">
     <span class='ocr_line' id='line_1_14' title="bbox 240 2678 934 2763; baseline 0.007 -21"><span class='ocrx_word' id='word_1_52' title='bbox 240 2678 291 2742; x_wconf 89' lang='lat' dir='ltr'>De</span> <span class='ocrx_word' id='word_1_53' title='bbox 312 2680 420 2762; x_wconf 87' lang='lat' dir='ltr'>requie</span> <span class='ocrx_word' id='word_1_54' title='bbox 442 2681 563 2763; x_wconf 86' lang='lat' dir='ltr'>pariter</span> <span class='ocrx_word' id='word_1_55' title='bbox 584 2689 696 2747; x_wconf 79' lang='lat' dir='ltr'>nostra</span> <span class='ocrx_word' id='word_1_56' title='bbox 719 2682 915 2748; x_wconf 80' lang='lat' dir='ltr'>succedanea</span> <span class='ocrx_word' id='word_1_57' title='bbox 926 2711 934 2762; x_wconf 89' lang='lat'>;</span> 
     </span>
     <span class='ocr_line' id='line_1_15' title="bbox 153 2806 612 2888; baseline 0.011 -20"><span class='ocrx_word' id='word_1_58' title='bbox 153 2806 203 2878; x_wconf 89' lang='lat' dir='ltr'>De</span> <span class='ocrx_word' id='word_1_59' title='bbox 226 2807 457 2871; x_wconf 81' lang='lat' dir='ltr'>emortualibua</span> <span class='ocrx_word' id='word_1_60' title='bbox 480 2809 612 2888; x_wconf 84' lang='lat' dir='ltr'>Ch1ieti,</span> 
     </span>
    </p>

    <p class='ocr_par' dir='ltr' id='par_1_7' title="bbox 154 2936 703 3150">
     <span class='ocr_line' id='line_1_16' title="bbox 240 2936 694 3027; baseline 0.002 -28"><span class='ocrx_word' id='word_1_61' title='bbox 240 2944 273 2999; x_wconf 89' lang='lat' dir='ltr'>et</span> <span class='ocrx_word' id='word_1_62' title='bbox 295 2936 471 3000; x_wconf 78' lang='lat' dir='ltr'>cessatione</span> <span class='ocrx_word' id='word_1_63' title='bbox 495 2959 513 3000; x_wconf 88' lang='lat' dir='ltr'>a</span> <span class='ocrx_word' id='word_1_64' title='bbox 535 2940 694 3027; x_wconf 86' lang='lat' dir='ltr'>peccatis;</span> 
     </span>
     <span class='ocr_line' id='line_1_17' title="bbox 154 3061 703 3150; baseline 0 -23"><span class='ocrx_word' id='word_1_65' title='bbox 154 3061 204 3127; x_wconf 87' lang='lat' dir='ltr'>De</span> <span class='ocrx_word' id='word_1_66' title='bbox 226 3061 267 3124; x_wconf 84' lang='lat' dir='ltr'>iis</span> <span class='ocrx_word' id='word_1_67' title='bbox 289 3063 344 3145; x_wconf 89' lang='lat' dir='ltr'>qui</span> <span class='ocrx_word' id='word_1_68' title='bbox 367 3063 456 3146; x_wconf 83' lang='lat' dir='ltr'>prius</span> <span class='ocrx_word' id='word_1_69' title='bbox 478 3065 703 3150; x_wconf 80' lang='lat' dir='ltr'>requieverint.</span> 
     </span>
    </p>
   </div>
   <div class='ocr_carea' id='block_1_6' title="bbox 147 3313 970 4296">
    <p class='ocr_par' dir='ltr' id='par_1_8' title="bbox 147 3313 970 4296">
     <span class='ocr_line' id='line_1_18' title="bbox 156 3313 824 3396; baseline 0.007 -20"><span class='ocrx_word' id='word_1_70' title='bbox 156 3313 245 3385; x_wconf 78' lang='lat' dir='ltr'>Deus</span> <span class='ocrx_word' id='word_1_71' title='bbox 267 3335 369 3394; x_wconf 78' lang='lat' dir='ltr'>meus,</span> <span class='ocrx_word' id='word_1_72' title='bbox 398 3317 591 3396; x_wconf 87' lang='lat' dir='ltr'>confundor,</span> <span class='ocrx_word' id='word_1_73' title='bbox 615 3326 648 3380; x_wconf 87' lang='lat' dir='ltr'>et</span> <span class='ocrx_word' id='word_1_74' title='bbox 671 3317 824 3381; x_wconf 77' lang='lat' dir='ltr'>erubesco</span> 
     </span>
     <span class='ocr_line' id='line_1_19' title="bbox 324 3443 823 3526; baseline 0.008 -20"><span class='ocrx_word' id='word_1_75' title='bbox 324 3443 429 3507; x_wconf 82' lang='lat' dir='ltr'>levare</span> <span class='ocrx_word' id='word_1_76' title='bbox 450 3444 565 3514; x_wconf 82' lang='lat' dir='ltr'>faciem</span> <span class='ocrx_word' id='word_1_77' title='bbox 588 3467 693 3515; x_wconf 74' lang='lat' dir='ltr'>meam</span> <span class='ocrx_word' id='word_1_78' title='bbox 717 3446 757 3508; x_wconf 90' lang='lat' dir='ltr'>ad</span> <span class='ocrx_word' id='word_1_79' title='bbox 780 3452 823 3526; x_wconf 87' lang='lat' dir='ltr'>te,</span> 
     </span>
     <span class='ocr_line' id='line_1_20' title="bbox 151 3567 970 3662; baseline 0.005 -26"><span class='ocrx_word' id='word_1_80' title='bbox 151 3567 315 3636; x_wconf 75' lang='lat' dir='ltr'>Quoniam</span> <span class='ocrx_word' id='word_1_81' title='bbox 337 3571 527 3662; x_wconf 80' lang='lat' dir='ltr'>iniquitates</span> <span class='ocrx_word' id='word_1_82' title='bbox 550 3595 629 3638; x_wconf 84' lang='lat' dir='ltr'>mcae</span> <span class='ocrx_word' id='word_1_83' title='bbox 650 3575 872 3661; x_wconf 70' lang='lat' dir='ltr'>multiplicatae</span> <span class='ocrx_word' id='word_1_84' title='bbox 894 3585 970 3648; x_wconf 84' lang='lat' dir='ltr'>sunt</span> 
     </span>
     <span class='ocr_line' id='line_1_21' title="bbox 325 3708 683 3786; baseline 0.025 -24"><span class='ocrx_word' id='word_1_85' title='bbox 325 3720 422 3783; x_wconf 84' lang='lat' dir='ltr'>super</span> <span class='ocrx_word' id='word_1_86' title='bbox 444 3708 541 3786; x_wconf 88' lang='lat' dir='ltr'>caput</span> <span class='ocrx_word' id='word_1_87' title='bbox 563 3723 683 3781; x_wconf 84' lang='lat' dir='ltr'>meum,</span> 
     </span>
     <span class='ocr_line' id='line_1_22' title="bbox 148 3825 608 3893; baseline 0 -1"><span class='ocrx_word' id='word_1_88' title='bbox 148 3830 183 3892; x_wconf 76' lang='lat' dir='ltr'>et</span> <span class='ocrx_word' id='word_1_89' title='bbox 205 3825 322 3892; x_wconf 84' lang='lat' dir='ltr'>delicta</span> <span class='ocrx_word' id='word_1_90' title='bbox 343 3849 416 3892; x_wconf 87' lang='lat' dir='ltr'>mea</span> <span class='ocrx_word' id='word_1_91' title='bbox 437 3839 608 3893; x_wconf 86' lang='lat' dir='ltr'>creverunt</span> 
     </span>
     <span class='ocr_line' id='line_1_23' title="bbox 234 3956 549 4039; baseline 0.016 -23"><span class='ocrx_word' id='word_1_92' title='bbox 234 3974 336 4039; x_wconf 86' lang='lat' dir='ltr'>usque</span> <span class='ocrx_word' id='word_1_93' title='bbox 359 3956 400 4018; x_wconf 86' lang='lat' dir='ltr'>ad</span> <span class='ocrx_word' id='word_1_94' title='bbox 422 3958 549 4021; x_wconf 87' lang='lat' dir='ltr'>coelum.</span> 
     </span>
     <span class='ocr_line' id='line_1_24' title="bbox 147 4078 513 4165; baseline 0.016 -25"><span class='ocrx_word' id='word_1_95' title='bbox 147 4079 179 4150; x_wconf 74' lang='lat' dir='ltr'>A</span> <span class='ocrx_word' id='word_1_96' title='bbox 201 4078 314 4143; x_wconf 84' lang='lat' dir='ltr'>diebus</span> <span class='ocrx_word' id='word_1_97' title='bbox 332 4083 513 4165; x_wconf 84' lang='lat' dir='ltr'>juventutis</span> 
     </span>
     <span class='ocr_line' id='line_1_25' title="bbox 236 4209 748 4296; baseline 0.02 -27"><span class='ocrx_word' id='word_1_98' title='bbox 236 4228 309 4272; x_wconf 88' lang='lat' dir='ltr'>sum</span> <span class='ocrx_word' id='word_1_99' title='bbox 332 4209 367 4275; x_wconf 92' lang='lat' dir='ltr'>in</span> <span class='ocrx_word' id='word_1_100' title='bbox 390 4210 508 4276; x_wconf 89' lang='lat' dir='ltr'>delicto</span> <span class='ocrx_word' id='word_1_101' title='bbox 529 4235 658 4296; x_wconf 84' lang='lat' dir='ltr'>magno,</span> <span class='ocrx_word' id='word_1_102' title='bbox 745 4236 748 4243; x_wconf 91' lang='lat'>·</span> 
     </span>
    </p>
   </div>
   <div class='ocr_carea' id='block_1_7' title="bbox 298 4339 687 4420">
    <p class='ocr_par' dir='ltr' id='par_1_9' title="bbox 298 4339 687 4420">
     <span class='ocr_line' id='line_1_26' title="bbox 298 4339 687 4420; baseline 0.018 -23"><span class='ocrx_word' id='word_1_103' title='bbox 298 4357 399 4420; x_wconf 85' lang='lat' dir='ltr'>usque</span> <span class='ocrx_word' id='word_1_104' title='bbox 422 4339 462 4402; x_wconf 89' lang='lat' dir='ltr'>ad</span> <span class='ocrx_word' id='word_1_105' title='bbox 485 4340 570 4404; x_wconf 89' lang='lat' dir='ltr'>diem</span> <span class='ocrx_word' id='word_1_106' title='bbox 593 4342 687 4414; x_wconf 85' lang='lat' dir='ltr'>hanc,</span> 
     </span>
    </p>
   </div>
   <div class='ocr_carea' id='block_1_8' title="bbox 189 4475 780 4538">
    <p class='ocr_par' dir='ltr' id='par_1_10' title="bbox 189 4475 780 4538">
     <span class='ocr_line' id='line_1_27' title="bbox 189 4475 780 4538; baseline 0.002 -26"><span class='ocrx_word' id='word_1_107' title='bbox 189 4475 248 4512; x_wconf 71' lang='lat' dir='ltr'>Ann.</span> <span class='ocrx_word' id='word_1_108' title='bbox 267 4475 362 4513; x_wconf 68' lang='lat' dir='ltr'>Patous.</span> <span class='ocrx_word' id='word_1_109' title='bbox 763 4487 780 4538; x_wconf 67' lang='lat' dir='ltr'><strong><em>z</em></strong></span> 
     </span>
    </p>
   </div>
   <div class='ocr_carea' id='block_1_9' title="bbox 0 0 1460 5002">
    <p class='ocr_par' dir='ltr' id='par_1_11' title="bbox 0 0 1460 5002">
     <span class='ocr_line' id='line_1_28' title="bbox 0 0 1460 5002; baseline 0 0"><span class='ocrx_word' id='word_1_110' title='bbox 0 0 1460 5002; x_wconf 95' lang='lat' dir='ltr'> </span> 
     </span>
    </p>
   </div>
  </div>
 </body>
</html>
