2910 5002
207 416 273 479 246
484 416 622 480 ETXAJ
647 417 986 486 ΚΑΘΗΜΕΡΙΝΑΙ.

334 582 445 650 ‘Am
465 583 519 654 εις
538 556 616 667 μιν

292 711 393 800 μέχρι
414 715 471 793 τῆς
492 711 680 782 τελευταίας
701 714 756 779 καί
777 713 922 803 ἐσχάτης

378 837 468 921 ῆμάυ
488 835 657 921 ἀναπνοῆς,
842 826 851 844 ’

252 967 351 1052 ἀξίως
373 965 597 1054 ὑποδέχεσθαι
619 967 738 1036 ἐλπίδα

334 1097 398 1161 τῶν
420 1094 634 1179 ἀγιιισμάτων
656 1123 726 1176 σου,

551 1223 612 1295 Εἰς

291 1351 465 1437 ἀηιασμὸν,
488 1351 667 1438 φωτισμὸν,
689 1352 799 1440 ῥῶσιυ,

335 1478 517 1565 κουφισμὸν
540 1483 596 1544 τοῦ
617 1479 741 1568 βάρους
763 1483 827 1548 τύν
848 1487 983 1550 πολλῶν
1002 1510 1066 1569 μου

377 1605 628 1693 ἁμαρτημάτων,

205 1734 435 1824 Φυλακτῆριον
455 1734 565 1817 πάσης
586 1735 778 1820 διαβολιιιῆς
831 1743 836 1751 “

506 1863 672 1950 ἐνεργείας,

213 1991 415 2086 Αποτροπῆν
436 1989 492 2057 καὶ
515 1989 668 2071 ἐμπίδων
689 1995 745 2074 τῆς
768 1991 894 2079 φαύλης

461 2143 524 2199 μου
545 2115 768 2201 συνειδήσεως,

204 2243 446 2332 Ἀπονέιιρωσιν
467 2247 530 2311 τῶν
550 2243 673 2324 παθῶν,

204 2369 419 2458 Περιποίησιν
440 2374 503 2437 τῶν
525 2372 670 2448 ἐντολῶν,

203 2500 403 2591 Προσθῆιιηυ
425 2501 512 2572 θείας
534 2529 595 2568 σου
615 2503 758 2591 χάριτος,

245 2630 300 2696 καὶ
321 2633 378 2713 τῆς
399 2655 460 2712 σης
482 2629 661 2701 Βασιλείας
682 2630 851 2698 αἰκείαισιν.

468 2853 540 2936 [(2.)
568 2851 666 2916 Μετά
688 2851 748 2933 τῆν
767 2853 980 2941 μετάληψιν]

426 3004 627 3078 ΗΝΤΣΤΑΙ
651 3008 706 3075 καὶ
726 3009 924 3086 τετέλεσται,

285 3136 363 3203 ὅσον
384 3135 428 3206 εἶς
449 3134 509 3219 τῆν
529 3135 686 3224 ἡμετέραν
707 3134 847 3219 δύναμιν,
867 3131 875 3144 ’

373 3265 511 3352 Χριστὲ,
535 3265 552 3330 ὁ
578 3266 660 3335 Θεὸς
682 3264 782 3347 ἡμῶν,

327 3391 364 3457 τὸ
387 3393 444 3472 τῆς
466 3389 659 3472 Οἰκοναμίας
681 3415 743 3454 σου
763 3390 951 3478 μυστήριον.

199 3521 341 3608 Είχομεν
361 3516 425 3602 ηάρ
448 3518 505 3581 τού
526 3514 665 3581 θανάτου
686 3541 747 3581 σου
768 3515 905 3601 μνήμην,

242 3645 365 3730 εἴδομεν
385 3647 442 3726 τῆς
464 3641 673 3713 ἀναστάσεως
695 3645 756 3724 σῆς
778 3644 834 3710 τὸν
855 3644 966 3728 τύπον,

242 3770 488 3855 ἐνεπλήσθημεν
509 3773 566 3853 τῆς
588 3767 804 3853 ἀτελευτήτου
826 3776 887 3854 σῆς
909 3774 998 3855 ζωῆς,

242 3897 473 3980 ἀπελαύσαμεν
495 3901 551 3980 τῆς
574 3897 734 3964 ἀκενοίτου
756 3904 817 3980 σῆς
839 3903 970 3986 τρυφῆς,

327 4025 364 4106 ῆς
385 4025 439 4089 καὶ
463 4025 496 4090 ἐν
519 4028 565 4111 τῷ
585 4025 739 4107 μέλλοντι
760 4025 851 4092 ahava

369 4150 494 4220 πάντας
514 4149 598 4232 ἡμᾶς
619 4152 856 4236 καταξιωθῆναι

413 4276 595 4357 εὐδόκησιν.
