2910 5002
418 439 590 504 PRECES
615 437 934 505 QUOTIDIANAE.
1139 440 1202 501 385

279 607 477 671 Semtininm
501 613 534 671 et
555 605 796 690 inquisitionem

151 737 212 799 Per
438 734 490 797 vel
511 754 645 797 examen
668 734 728 813 sui,

278 864 394 928 Preoes
417 869 450 928 et
472 863 648 946 gratiarum
670 863 822 927 actiones.

338 1105 532 1169 sissinium
552 1110 584 1168 et
605 1105 782 1186 Inquisitio,
804 1106 854 1168 vel
873 1105 1027 1168 Examen.

150 1243 232 1325 Any.
278 1243 339 1306 Vir
354 1241 457 1306 bonus
472 1240 630 1324 prseponit
650 1241 731 1305 seire
750 1241 970 1306 infirmitatem
985 1263 1086 1320 susm,
1102 1241 1205 1324 magis

238 1389 335 1450 quam
358 1367 440 1431 scire
461 1366 673 1431 fundamenta
693 1375 798 1447 terrae,
820 1375 854 1433 et
875 1368 1003 1451 fastigia
1024 1368 1105 1432 eoeli.

239 1495 302 1558 Illa
339 1515 415 1558 vero
455 1493 591 1557 scientis
629 1493 827 1557 infirmitatis
865 1515 931 1558 suae
970 1515 1037 1558 non
1075 1500 1206 1577 paratur

239 1621 360 1703 absque
382 1620 591 1703 inquisitione
620 1620 788 1704 diligenti,
823 1621 978 1704 sineque
1006 1641 1109 1685 eaeous
1138 1622 1206 1704 ple-

238 1769 378 1831 rumque
399 1754 449 1810 est
471 1747 608 1826 animus,
631 1755 728 1831 etque
750 1748 785 1811 in
806 1748 943 1833 propriis
964 1748 1048 1812 nihil
1069 1751 1164 1814 videt.

154 1877 272 1940 Cicero.
317 1875 435 1939 Multae
450 1882 527 1938 sunt
546 1874 582 1938 in
601 1875 710 1941 animo
729 1876 860 1941 latebrae
879 1876 1038 1961 multique
1054 1898 1205 1957 reoessus,

240 2012 302 2069 etc.
681 1983 692 1999 ’

154 2133 282 2196 Seuero.
328 2128 560 2212 Deprehendss
581 2135 616 2193 te
638 2136 773 2212 oportet,
796 2136 969 2213 antequam
992 2131 1151 2195 emendes

329 2257 485 2340 Ignotum
519 2257 610 2320 uleus
639 2257 674 2319 in
702 2256 842 2320 deterius
872 2256 950 2333 abit,
981 2265 1015 2321 et
1041 2257 1208 2322 curatione

370 2381 568 2445 destituitur.

152 2507 220 2570 Jer.
244 2507 317 2572 xvii.
341 2510 372 2571 9.
418 2506 542 2571 Βαθεῑα
563 2504 583 2587 ἦ
605 2504 720 2591 καρδία
740 2505 832 2592 παρὰ
850 2507 969 2572 πάντα.

198 2633 263 2698 Cor
284 2632 480 2718 profundum
503 2638 553 2697 est
574 2642 608 2697 et
629 2639 818 2697 tortuosum.

200 2759 310 2822 Homo
331 2765 422 2822 vetus
443 2758 531 2822 mille
552 2758 724 2823 involueris
744 2760 916 2844 obtegitur.

155 2886 272 2968 Itaque
292 2883 437 2973 πρόσεχε
458 2888 591 2973 σεαυτῷ
637 2887 780 2952 Attende
801 2887 955 2973 tibiipsi.

289 3014 362 3078 Hoo
384 3021 492 3078 antem
514 3015 651 3079 maxime
672 3016 920 3099 inquirendum,

426 3142 549 3224 Egeris,
651 3144 793 3226 Legeris,

427 3269 564 3349 Dixeris,
606 3161 835 3355 {Scripseris

571 3398 682 3463 deceat
724 3401 954 3479 Christianum,
999 3399 1207 3480 sacerdotem,

157 3482 245 3550 Quid
270 3483 365 3548 ΜΘ
656 3532 792 3608 patrem,
815 3533 876 3590 ete.

570 3654 739 3718 confirmet
761 3653 868 3732 fidem,
895 3652 1121 3733 obedientiam,

426 3842 511 3926 quod
657 3789 773 3864 augeat
796 3781 974 3844 seientiam.

948 3927 1058 3986 ommi,

951 4038 1100 4119 corporis.

967 4171 1067 4239 tuom,

656 3977 705 4040 vel
740 3923 937 4100 regimeu{

538 4274 546 4354 Ι
581 4231 730 4308 operetur
752 4223 888 4288 salntem
920 4183 954 4356 i

200 4437 257 4475 uo.
276 4436 372 4474 insons.
752 4425 773 4485 3
795 4438 817 4484 ῃ

966 4290 1110 4354 aliorum.
