2910 5002
465 462 633 528 raucus
659 429 977 528 morianna.
1188 464 1251 526 305

405 630 439 693 in
461 631 555 695 corde
578 633 725 710 charitas,

197 755 344 823 Quorum
408 759 443 823 in
465 781 519 824 ore
541 762 668 840 veritas,

284 2311 320 3666 i

200 3713 264 3776 Pro

200 4294 263 4356 Pro
285 4243 319 4419 ἶ

248 4493 305 4527 ΔΜ).
324 4492 354 4526 Pu

409 888 444 951 in
466 890 533 954 vita
554 891 666 974 pietas.

476 1166 730 1282 coumsslo
753 1216 966 1284 munuu.
1026 1309 1029 1314 Ι

330 1397 427 1477 Luoe,
478 1401 571 1487 [Gen.
593 1405 614 1469 i.
638 1405 684 1489 3.]

328 1527 433 1610 Aquis
456 1536 488 1593 et
510 1532 601 1610 coelo,
650 1530 753 1615 [Vera.
778 1532 823 1618 6.]

328 1653 428 1719 Terra
449 1663 482 1719 et
504 1657 632 1740 plantis,
679 1659 784 1743 [Vere.
809 1659 875 1743 11.]

330 1783 568 1864 Luminaribue,
617 1787 722 1871 [Vera.
747 1788 814 1872 14.]

330 1911 476 1978 Piscibus
499 1921 532 1979 et
555 1916 747 1996 volatilibus,
795 1915 898 2002 [Vero.
922 1916 990 2001 20.]

330 2039 418 2104 Feris
439 2048 472 2105 et
490 2043 658 2125 jumentis,
704 2043 810 2128 [Vera.
834 2043 901 2129 24]

331 2167 474 2234 Sabbato
496 2179 615 2236 saneto.
663 2171 758 2255 [Gen.
782 2173 813 2237 ii.
837 2173 884 2257 3.]

332 2354 483 2422 Hominis
505 2360 696 2428 formatione
723 2300 880 2490 {habita
901 2299 1140 2379 deliberatione,

629 2443 634 2455 ·
695 2420 705 2449 '
770 2428 919 2494 manibus
934 2427 1010 2507 auia,
1039 2427 1131 2512 [Gen.
1144 2425 1165 2489 i.
1182 2423 1250 2507 26.]

332 2553 499 2635 Spiraoulo
522 2557 639 2640 divino,
687 2558 840 2645 [Graii.
865 2555 909 2639 7.]

331 2682 489 2767 Imaginor,
537 2687 633 2772 [Gen.
656 2690 677 2753 i.
702 2687 770 2772 22]

331 2810 484 2878 Dominio
507 2837 601 2899 super
623 2823 794 2896 creaturas,
839 2798 946 2900 [Vere.
969 2810 1036 2896 aa]

332 2938 418 3003 Oura
439 2942 640 3027 Angelorum
662 2964 758 3029 super
780 2964 864 3021 eum,
911 2941 1012 3026 [Pani.
1028 2937 1088 3003 xci.
1106 2936 1171 3019 11.]

332 3067 506 3135 Looatione
528 3072 563 3135 in
586 3072 745 3151 Perediao,
793 3069 888 3156 [ocu
912 3069 944 3132 ii
970 3067 1015 3151 8.]

333 3198 501 3276 peccante,
525 3220 591 3264 non
613 3207 723 3264 tamen
746 3197 906 3263 derelicto.

333 3323 546 3390 Promissione
568 3326 708 3405 seminia,
755 3326 846 3410 [Gen.
870 3324 913 3388 iii.
939 3320 1004 3405 la]

333 3452 396 3516 Illo
418 3454 504 3536 quod
526 3461 640 3519 notum
662 3462 712 3520 eat
735 3455 807 3534 Dei,
853 3454 956 3540 [Rom.
982 3451 1003 3514 i.
1030 3449 1097 3533 la]

334 3581 439 3665 Opere
463 3583 558 3667 Legis
580 3584 698 3667 acripto
720 3585 755 3647 in
777 3583 938 3661 cordibus,
986 3581 1085 3664 [Rom.
1109 3578 1141 3641 ii.
1168 3576 1232 3660 15.]

334 3711 481 3776 Oraculia
502 3711 747 3795 Prophetarum,

333 3838 476 3904 Melodia
498 3839 707 3917 Psalmorum,

336 3968 576 4032 Sententiarum
599 3967 780 4052 prudentia,

335 4095 552 4160 Historiarum
576 4096 781 4180 experientia.

338 4221 564 4298 Generatione‚

337 4349 552 4426 Enutritioue,
