2910 5002
274 439 339 501 422
547 437 718 504 PREOES
744 438 1060 507 QUUPIDIANAE.

491 630 580 674 servo
601 611 681 687 Tuo,
700 611 735 673 in
755 633 819 693 qno
840 612 921 675 mihi
938 633 1027 696 spem
1050 611 1177 694 dedisti,
1194 611 1336 700 Ipseque

491 737 605 818 fecisti,
628 747 666 802 ut
688 740 839 804 fiduciam
861 761 1022 824 ponerem.

275 866 363 930 Rom.
387 865 431 929 ιιι
455 865 485 928 3.
580 864 668 930 Quid
698 867 794 945 enim,
825 867 853 930 si
882 868 1014 952 quidam
1046 868 1176 935 illorum
1208 870 1333 953 perfide

492 994 654 1076 egerunt?
677 993 1056 1076 nunquid-incredulitas
1077 997 1207 1063 illorum
1230 999 1329 1064 iidem

491 1122 553 1186 Dei
575 1121 767 1186 evacuabit?

277 1250 352 1313 Gen.
368 1248 462 1313 xxvii.
479 1250 531 1312 33.
578 1248 613 1312 Si
635 1269 702 1313 non
725 1249 818 1313 Issec
839 1255 966 1313 mutere
988 1250 1123 1318 verbum
1145 1274 1249 1332 suum,

275 1374 359 1439 Dan.
383 1375 426 1440 vi.
448 1379 478 1440 8.
579 1376 702 1440 Sinon
725 1378 832 1456 Perse,
855 1377 1025 1456 Ethnicus,
1066 1424 1070 1430 -

272 1502 323 1566 «Io.
346 1504 408 1567 xix.
432 1506 484 1568 22.
580 1503 615 1567 Si
638 1525 703 1568 non
725 1479 880 1588 profanus
902 1504 1038 1583 Pilatus,

576 1633 672 1697 Certe
694 1633 783 1696 Deus
805 1654 981 1716 nunqnam.

277 1760 353 1823 Gen.
370 1759 464 1823 xxxii.
481 1761 533 1824 26.
577 1760 657 1824 Non
679 1759 841 1824 dimittam
863 1761 909 1824 'l'e
930 1760 994 1824 nisi
1014 1759 1215 1825 benedixeris
1236 1761 1327 1826 mihi.

275 1887 388 1972 [Matt.
404 1908 453 1952 xv.
469 1886 540 1972 27.]
576 1886 686 1951 Etiam
701 1886 808 1967 catuli,
820 1887 970 1966 Domine,
983 1887 1084 1952 edunt
1095 1887 1135 1953 de
1144 1887 1245 1966 micis,
1257 1906 1330 1972 quae

532 2013 651 2078 cadunt
673 2013 713 2077 de
735 2035 848 2078 mense
868 2013 1072 2079 dominorum
1099 2036 1240 2079 suornm.

275 2275 326 2335 10.
352 2271 416 2335 Sed
438 2272 508 2336 haec
529 2271 639 2336 omnis
659 2270 915 2355 recapitulentur
936 2270 973 2334 in
995 2269 1134 2336 Christo.

272 2400 386 2463 2Pet.
410 2400 431 2464 i.
456 2404 487 2463 4.
555 2399 597 2463 In
626 2420 690 2483 quo
719 2397 861 2462 maxims
888 2396 984 2463 nobis
1014 2406 1047 2462 et
1079 2399 1220 2483 pretiose
1255 2421 1330 2483 pro·

272 2530 293 2591 2
318 2528 387 2591 Cor.
410 2528 432 2591 i.
457 2529 507 2593 19.
531 2526 629 2590 missa
658 2525 798 2605 donavit,
831 2532 864 2590 et
893 2526 929 2591 in
960 2547 1023 2610 quo
1052 2548 1165 2591 omnes
1193 2528 1331 2611 promis·

533 2653 637 2719 siones
660 2653 724 2718 Dei
745 2661 821 2717 sunt
843 2653 953 2719 Etiam
977 2662 1011 2718 et
1033 2657 1151 2718 Amen.

618 2783 723 2848 Quem
745 2781 929 2846 nominasse
951 2791 1000 2846 sat
1021 2789 1099 2847 erat

189 2936 193 2941 ’
272 2912 370 2978 Mart.
394 2935 444 2977 xv.
467 2914 521 2977 22.
552 2912 641 2991 Jesn,
663 2910 727 2975 Fili
748 2911 863 2988 David,
886 2910 1038 2975 miserere
1059 2910 1135 2976 mei.

272 3040 369 3106 Matr.
393 3040 413 3104 i.
437 3043 492 3105 21.
553 3039 643 3118 Jesn,
665 3039 727 3103 hoc
757 3038 812 3102 Illi
841 3059 970 3118 nomen,
998 3038 1073 3123 quis
1099 3045 1205 3104 servet
1226 3059 1287 3103 nos
1309 3062 1329 3103 s

617 3167 756 3252 peccatis
779 3167 906 3232 nostris.

271 3300 404 3382 Aeque.
443 3297 595 3376 Domine,
621 3295 724 3360 nolito
754 3294 920 3360 attendere
949 3302 1117 3380 peccatum
1146 3316 1267 3376 meum,
1291 3304 1329 3362 nt

485 3429 653 3507 propterea
675 3421 871 3486 obliviscaris
893 3442 1014 3486 nomen
1035 3422 1151 3486 Tuum.

445 3551 508 3615 Fili
535 3550 650 3628 David,
673 3549 729 3633 qui
757 3547 881 3612 remisit
912 3549 1050 3614 Shemeo
1078 3548 1327 3633 blasphemanti,

457 3699 459 3703 ’
487 3678 521 3743 et
539 3678 649 3763 jurato
670 3675 758 3740 hosti
780 3696 849 3755 sno,

528 3807 573 3871 Et
593 3804 653 3884 Tu,
677 3803 827 3882 Domine,
850 3803 999 3878 remitte;

528 3934 665 4012 Christe,
688 3932 764 3996 sudi
785 3953 863 4010 n0s;

530 4063 668 4140 Christe,
691 4059 854 4124 intercede
876 4058 1062 4134 nobiscum3

529 4190 667 4268 Christe,
690 4188 854 4254 intercede
874 4209 934 4272 pro
954 4187 1058 4253 nobis.

439 4294 545 4403 vEripis
566 4328 697 4402 peccata
719 4326 840 4397 nostra,
