2910 5002
429 465 598 529 PREOES
624 465 951 531 QUOTIDIANAE..
1155 471 1220 532 293

164 637 264 719 Cujus
286 636 382 700 fidem
404 636 614 700 incredulitas
636 636 806 701 hominum

250 786 315 828 non
338 764 512 828 evacuabit.
558 766 647 827 Rom.
671 765 716 829 iii.
740 768 771 828 3.

166 892 261 958 Quod
292 893 319 955 si
348 914 415 956 non
444 892 612 970 eredimus,
638 894 714 977 Ipse
737 892 841 957 fidelis
870 900 1048 976 permanet,
1078 893 1219 978 seipsum
1350 955 1354 964 ,

251 1043 369 1104 negare
392 1042 459 1084 non
480 1029 595 1104 potest.
641 1026 662 1085 2
688 1022 765 1083 Hm.
788 1021 820 1084 ii.
847 1022 898 1084 13.

548 1250 604 1334 [7.]
630 1251 751 1314 Praoeis
771 1251 844 1314 Dei.

166 1400 208 1462 In
231 1401 277 1464 Te
299 1410 468 1485 sperarunt
489 1410 598 1486 patres
620 1404 743 1480 nostri5
773 1411 991 1486 speraverunt,
1015 1411 1049 1468 et
1078 1405 1221 1468 liberasti

253 1550 317 1592 eos.
362 1531 450 1592 Psal.
473 1530 549 1593 xxii.
573 1535 603 1593 4.

168 1656 384 1719 Reminiscere
406 1657 651 1720 miserationum
673 1658 826 1735 Tuamm,
856 1658 1007 1736 Domine,
1038 1665 1071 1721 et
1097 1659 1220 1722 miseri·

254 1783 434 1847 cordianum
457 1785 599 1847 Tuamm
621 1805 692 1867 quae
714 1806 733 1847 a
754 1785 870 1848 saeculo
892 1792 978 1848 sunt.
1023 1785 1079 1848 Pe.
1094 1806 1165 1848 xxv.
1189 1790 1220 1848 5.

170 1906 236 1970 Ubi
246 1915 322 1971 sunt
331 1907 553 1972 misericordiae
562 1910 640 1973 Tuae
649 1909 799 1992 entiquae,
805 1910 967 1974 Domine?
980 1910 1035 1972 Pe.
1043 1909 1160 1974 lxxxix.
1166 1912 1219 1974 48.

170 2036 339 2120 Respicite,
362 2037 431 2116 filii,
453 2037 600 2101 nationes
623 2038 801 2116 hominum,
825 2045 858 2101 et
878 2038 1002 2117 scitote,
1026 2038 1224 2120 quianullus

256 2167 394 2249 speravit
425 2166 461 2229 in
494 2166 647 2245 Domino,
671 2174 704 2229 et
738 2165 891 2230 confusus
924 2172 983 2230 est.
1039 2166 1112 2246 Syr.
1143 2165 1179 2249 [i.
1196 2187 1224 2230 e.

343 2295 484 2380 nectus]
508 2296 541 2359 ii.
567 2299 618 2359 ll.

172 2427 252 2493 Quis
286 2426 372 2489 enim
406 2425 582 2510 permansit
614 2425 649 2488 in
682 2423 844 2487 mandatis
866 2424 955 2506 Ejus,
990 2431 1023 2488 et
1052 2423 1224 2487 derelictus

258 2556 330 2619 est?
380 2556 467 2626 Vers.
493 2555 544 2616 12.

560 2828 834 2894 ALLEGATIO.

298 3083 372 3167 [IL]
418 3099 460 3146 nx
482 3099 583 3146 essm
604 3099 737 3163 nosmn,
761 3098 919 3147 nnmmvn
940 3100 984 3147 nn
1005 3099 1106 3148 nnnn.

349 3297 407 3382 [L]
440 3300 524 3380 Opus
547 3305 578 3362 et
600 3298 717 3361 creatio
739 3318 884 3360 mannum
906 3299 1050 3361 Securum.

175 3450 264 3533 Opus
285 3471 441 3514 manuum
462 3451 603 3514 'Puerum
628 3472 669 3513 ne
692 3449 857 3533 despicias.
902 3451 991 3514 Psal.
1014 3451 1159 3515 cxxxviii.
1183 3455 1214 3514 8.

174 3577 245 3640 Nos
277 3578 393 3656 lutum,
429 3587 462 3641 et
494 3578 612 3661 figulus
642 3585 755 3641 noster
785 3579 845 3657 Tu,
880 3585 913 3641 et
945 3599 1041 3661 opere
1070 3600 1225 3641 manuum

261 3706 401 3768 Tum'um
423 3725 535 3769 omnes
558 3726 626 3769 nos.
671 3705 716 3768 Is.
740 3705 814 3768 lxiv.
838 3709 869 3768 8.

176 3831 271 3894 Nihil
292 3832 386 3896 odisti
409 3852 521 3896 eorum
544 3853 616 3914 quae
639 3831 753 3894 fecisti.
802 3831 877 3912 Sap.
901 3831 943 3894 xi.
967 3835 1023 3895 25.

349 4061 406 4145 [2.]
431 4061 540 4145 Imaqo
562 4063 674 4126 vultus.
806 4061 860 4124 Ne
882 4059 1000 4125 deleas.

175 4215 343 4279 Faciamus
365 4215 530 4280 hominem
553 4215 593 4279 ad
614 4215 798 4299 imaginem,

261 4354 294 4407 et
317 4342 560 4408 similitudinem
582 4352 733 4409 nostram.
782 4342 857 4406 Gen.
882 4342 901 4404 i.
926 4344 980 4405 26.
