2910 5002
431 459 601 525 PREOES
628 455 948 525 QUO'PIDIANAE.
1154 458 1219 522 373

164 632 361 716 Recogitabo
382 629 455 697 Tibi
477 632 587 697 omnia
607 638 739 716 peccata
759 650 833 694 mea

206 760 249 823 In
272 758 486 824 amaritudine
508 761 624 825 animae
643 780 744 824 meae:

249 886 280 952 Ο
310 886 438 950 utinam
473 887 510 951 iu
545 886 760 952 amaritudine
798 884 1003 950 amarissima
1073 883 1167 968 [Ibid.
1190 889 1221 946 et

342 1016 430 1081 Vera.
454 1015 522 1102 ln]

165 1145 313 1226 Domine,
336 1146 363 1210 si
384 1147 430 1212 sic
444 1146 571 1228 vivitur,
586 1154 621 1211 et
640 1146 677 1210 in
698 1145 818 1211 talibus
840 1152 889 1210 est
904 1144 970 1208 vita
992 1141 1124 1228 spiritus
1145 1139 1221 1219 mei,

250 1275 402 1359 corripies
424 1295 478 1341 me
499 1281 533 1340 et
554 1273 727 1340 vivificabis
749 1295 811 1387 me.
859 1271 963 1359 [Vera.
988 1270 1055 1355 lo]

164 1401 249 1465 Eece
270 1400 357 1464 enim
379 1401 416 1464 in
436 1421 514 1484 pace
536 1421 609 1465 mea

252 1527 431 1593 amaritudo
453 1548 526 1592 mea
547 1527 633 1593 facta
653 1535 703 1592 est
724 1525 931 1592 amarissima.
980 1523 1088 1609 [Vera.
1113 1520 1180 1607 la]

164 1656 211 1720 At
232 1675 293 1738 ego
315 1654 398 1718 sicut
419 1654 526 1737 pullus
548 1653 731 1719 hirundinis
752 1653 906 1734 mmsabo,

252 1783 390 1847 Gemam
412 1783 501 1847 velut
522 1781 681 1847 columba.
728 1781 833 1867 [Vera.
858 1780 926 1865 14]

167 1911 328 1994 Deprecor
342 1916 452 1973 autem
462 1903 523 1985 Te,
538 1908 688 1988 Domine,
704 1908 741 1973 iu
755 1928 883 1974 omnem
898 1904 1152 1972 misericordiam
1166 1903 1279 1979 Tuam,

209 2038 259 2103 Ut
280 2043 442 2102 avertatur
456 2058 476 2102 a
489 2058 542 2102 me
559 2037 740 2122 justissima
760 2035 951 2121 indignatio,
967 2043 1001 2101 et
1022 2035 1111 2100 furor
1124 2033 1225 2110 ruas,

255 2165 341 2232 Quia
361 2165 498 2250 peccavi,
520 2165 618 2250 idque
640 2165 788 2250 graviter,
811 2163 940 2248 peceavi
961 2163 1044 2243 Tibi,

297 2293 446 2358 Graviter
467 2301 501 2358 et
522 2315 605 2379 saepe
626 2294 754 2379 peceavi
775 2292 858 2359 Tibi.

168 2420 216 2484 ΙΙ.
240 2420 270 2485 O
292 2421 389 2484 Pater
410 2421 710 2502 misericordiarum,

321 2548 464 2615 Obsecro
485 2556 621 2634 paterna
641 2551 762 2616 viscera
784 2549 1026 2615 miserationum
1048 2547 1202 2625 Taurum,

385 2678 540 2744 Vermem
560 2678 774 2759 immundum,

213 2808 257 2871 Et
278 2828 321 2872 ne
345 2675 509 3023 {Canem
531 2815 707 2888 mortuum,
807 2678 890 3027 }ne
904 2829 964 2873 me
985 2804 1120 2890 despice.

388 2935 531 3002 Cadaver
552 2936 729 3020 putridum,

173 3066 261 3133 Quin
281 3065 402 3150 respice
424 3085 487 3144 me,
510 3065 660 3145 Domine,

172 3195 176 3202 ’
214 3195 325 3262 Oculis
345 3194 409 3258 illis
430 3193 552 3279 respice

397 3323 628 3407 Mugdulenam
649 3326 684 3390 iu
706 3326 859 3405 convivio,

215 3454 330 3538 quibus
398 3453 531 3517 Petrum
552 3449 588 3514 in
610 3450 700 3529 atrio,

399 3581 574 3647 Latronem
596 3579 631 3642 iu
653 3576 815 3663 patibulo;

389 3712 487 3776 Petro
509 3707 653 3788 defleam,

175 3847 224 3910 Ut
245 3864 320 3910 eum
348 3708 532 4056 {Latrone
554 3837 718 3915 confitear,
774 3844 777 3848 ’

390 3968 587 4055 Magdalena
607 3965 758 4050 diligam

346 4098 490 4183 Diligam
512 4098 558 4162 Te
579 4095 730 4173 multum,

345 4226 537 4305 Plurimum,
559 4230 597 4289 ut
619 4223 672 4289 cui
693 4220 825 4287 remissa
846 4226 922 4286 sunt
943 4221 1090 4306 plurima

174 4363 283 4438 Parce,
306 4375 423 4444 queso,
445 4353 586 4419 Domine
596 4378 607 4431 3
629 4371 733 4436 parce,
756 4368 850 4434 parce
872 4348 1062 4435 poeniteuti;
