2910 5002
248 441 313 503 332
518 433 688 506 PRECES
712 440 1032 507 QUOTIDIANAE.

198 689 200 692 y
251 604 352 687 Spera
380 602 416 665 in
447 604 528 683 Deo,
559 604 711 687 quoniam
740 603 846 668 adhuc
876 604 1053 669 confitebor
1085 603 1137 683 Ei,
1167 603 1315 667 emutare

334 731 442 795 vultus
463 731 537 810 mei,
561 738 595 795 et
618 733 706 795 Deus
727 752 829 797 meus.
876 731 974 816 [Paul.
998 733 1064 797 xlii.
1089 732 1156 815 122]

250 859 453 938 Convertere,
476 860 585 949 anima
606 880 688 938 mea,
705 859 740 922 in
762 859 905 942 requiem
920 873 1022 940 tuam,
1045 860 1121 945 quia
1142 858 1312 924 Dominus

335 985 514 1050 benefaciet
534 986 606 1051 tibi.
651 987 738 1057 Psal.
762 987 842 1052 cxvi.
867 991 898 1052 7.

680 1175 868 1239 Recordare.

248 1299 378 1365 Memor
399 1308 468 1365 esto
483 1301 654 1366 verborum
667 1303 810 1366 Tuorum
833 1323 924 1366 servo
938 1303 1017 1375 Tuo,
1032 1301 1068 1365 in
1090 1301 1205 1386 quibus
1220 1301 1308 1365 mihi

334 1450 423 1512 spem
444 1430 572 1495 dedisti.
617 1430 704 1498 Paul.
728 1431 808 1495 cxix.
832 1435 887 1497 49.

247 1557 291 1621 Et
312 1561 436 1642 suscipe
457 1583 510 1624 me
532 1561 709 1625 secundum
731 1560 857 1644 eloquia
877 1561 957 1639 Tua,
980 1567 1018 1623 ut
1032 1559 1153 1625 vivam:
1177 1566 1211 1623 et
1233 1580 1305 1624 non

333 1687 511 1750 confundas
533 1709 586 1751 me
609 1689 649 1752 ab
672 1689 909 1771 exspectatione
932 1707 1013 1750 mea.
1061 1686 1166 1770 [Vere.
1190 1684 1279 1768 116.]

245 1814 324 1877 Non
345 1814 381 1876 in
402 1822 591 1898 perpetuum
605 1816 768 1894 irascetur,
784 1837 889 1898 neque
903 1814 939 1878 in
954 1821 1109 1878 aeternum
1125 1812 1305 1877 commina-

331 1941 428 2006 bitur.
476 1943 576 2027 [Paul.
600 1944 663 2008 ciii.
686 1943 731 2028 9.]

245 2068 324 2131 Non
346 2068 523 2132 secundum
545 2079 675 2153 peccata
696 2076 809 2134 nostra
829 2069 926 2134 faciet
946 2068 1048 2147 nobis,
1064 2088 1169 2152 neque
1184 2088 1303 2132 secun-

333 2195 411 2258 dum
432 2196 618 2278 iniquitates
639 2197 765 2261 nostras
787 2196 943 2260 retribuet
962 2195 1067 2260 nobis.
1108 2192 1300 2279 [Vers.10.]

246 2324 319 2406 Ipse
349 2323 429 2388 adeo
450 2324 631 2389 misericors
660 2325 731 2404 fuit,
755 2332 788 2390 et
817 2324 972 2408 propitius
1001 2321 1140 2406 peccatis
1169 2320 1303 2400 nostris,
1367 2289 1373 2296 .

331 2463 457 2522 utnon
479 2457 674 2542 disperderet
695 2480 765 2522 nos.
812 2458 913 2542 [Paul.
935 2455 1054 2520 lxxviii.
1077 2453 1145 2538 38.]

246 2584 442 2648 Recordatur
464 2592 513 2649 est
536 2586 611 2669 quia
632 2607 706 2650 caro
728 2606 849 2664 sumus,

330 2710 460 2796 spiritus
481 2711 609 2791 vadens,
633 2718 666 2776 et
688 2733 755 2775 non
776 2711 913 2775 rediens.
960 2709 1065 2794 [Vera.
1087 2707 1155 2792 39.]

524 2909 746 2973 Misericordia
768 2909 1014 2990 superexaltans.

244 3039 364 3103 Venite
386 3044 419 3102 et
441 3038 566 3123 arguite
590 3040 658 3113 Me,
682 3039 761 3103 dicit
783 3039 943 3103 Dominus
954 3063 964 3117 3

245 3167 280 3230 Si
302 3166 424 3230 fuerint
445 3174 695 3249 peccatavestra
716 3173 754 3230 ut
777 3164 951 3238 coccinum,
976 3161 1067 3247 quasi
1088 3162 1144 3226 nix
1167 3160 1298 3226 dealba·

332 3291 473 3366 buntur;
498 3298 531 3354 et
552 3290 580 3353 si
600 3291 722 3354 fuerint
751 3290 848 3353 rubra
870 3289 961 3372 quasi
983 3287 1187 3366 vermiculus,
1210 3287 1300 3351 velut

328 3417 403 3480 lana
424 3416 497 3480 alba
518 3424 623 3480 errant.
667 3417 712 3517 lc.
735 3417 756 3480 i.
782 3417 833 3494 18,
858 3416 910 3481 19.

242 3545 326 3606 Cum
347 3565 517 3608 conversus
539 3544 742 3627 ingemueris,
765 3549 837 3606 tum
859 3543 963 3607 salvus
986 3546 1053 3608 lies.
1072 3543 1135 3634 ‘Ic
1151 3565 1224 3608 xxx.
1241 3510 1292 3607 le.

241 3671 413 3754 Exspectat
435 3671 536 3750 Deus,
559 3677 597 3733 ut
619 3670 810 3734 misercatur
830 3691 868 3734 ve
884 3671 937 3734 tri.
990 3673 1077 3735 Vera.
1103 3671 1155 3733 18.

241 3796 409 3860 Calamum
431 3803 617 3881 quassatum
639 3819 707 3862 non
728 3798 919 3881 confringet,
943 3803 975 3860 et
1004 3796 1109 3859 linum
1130 3795 1293 3880 fumigans

327 3945 393 3988 non
416 3926 594 4008 extinguet.
639 3930 684 3990 Ia.
708 3926 775 3990 xlii.
798 3928 829 3989 3.

239 4054 310 4136 Ego
332 4074 405 4116 sum
427 4055 483 4136 qui
504 4055 595 4118 deleo
616 4054 805 4136 iniquitates
824 4059 897 4115 tuae
918 4056 1049 4135 propter
1063 4051 1237 4136 Meipsum,
1261 4059 1295 4116 et

324 4185 528 4263 peccatorum
549 4189 681 4243 tuorum
702 4201 771 4242 non
792 4179 994 4244 recordabor.
1038 4179 1082 4245 Is.
1106 4181 1185 4245 xliii.
1210 4181 1264 4244 25.

240 4304 351 4383 Deleo,
382 4309 422 4369 ut
445 4303 577 4383 nubem,
608 4302 797 4387 iniquitates
827 4309 910 4383 tuas,
941 4312 976 4369 et
998 4304 1097 4388 ,quasi
1127 4303 1291 4383 nebulam

324 4439 530 4517 peecatatua
552 4428 1073 4511 Rcvuoanaetrefflmam.
1096 4430 1141 4495 Is.
1150 4412 1225 4496 xliv.
1237 4431 1290 4496 22.
