2910 5002
417 464 587 528 PRECES
614 462 931 529 QUOTIDIANAE.
1139 461 1201 525 127

190 636 288 700 Filios
309 636 391 699 lucis
413 635 635 718 comprobans,

188 765 357 847 Tuamque
379 765 497 828 Pacem
519 770 552 826 et
575 761 777 826 charitatem

233 891 382 956 Concede
403 866 497 955 nobis
519 889 669 966 Domine,
693 889 784 953 Deus
805 894 924 953 noster.

320 1083 500 1162 Memento,
523 1081 665 1146 Domine
688 1083 789 1159 Deus,

177 1209 323 1274 omnium
345 1210 528 1293 spirituum,
552 1216 585 1273 et
607 1208 713 1273 omnis
735 1207 839 1273 carnis

207 1357 342 1420 quornm
352 1336 552 1400 mentionem
561 1334 743 1414 habuimus,
756 1342 789 1399 et
801 1355 937 1419 qnorum
946 1355 1013 1399 non
1023 1336 1204 1401 habuimus.

235 1523 341 1587 Nobis
364 1531 473 1588 autem
496 1522 601 1586 exitus
624 1522 710 1586 Vitae
796 1540 807 1565 ·

194 1651 404 1730 Christianos,
427 1651 488 1715 tibi
511 1657 657 1734 acceptos
680 1657 713 1714 et
738 1650 777 1733 (si
798 1648 970 1732 videbitur)
1068 1648 1077 1653 ”

413 1779 530 1844 doloris
553 1784 708 1863 expertes,

237 1907 273 1969 in
294 1926 373 1989 pace
396 1905 508 1990 dirige,
533 1905 684 1984 Domine,
707 1905 857 1984 Domine,

195 2031 358 2115 Colligens
379 2051 440 2096 nos
462 2030 522 2095 snb
543 2030 640 2114 pedes
663 2030 843 2129 electorum
860 2039 1001 2111 tuorum,

322 2180 396 2223 cum
418 2157 475 2237 vis,
499 2165 532 2221 et
554 2157 715 2241 quomodo
737 2158 796 2236 vis,

367 2285 525 2349 duntaxat
547 2285 616 2348 sine
637 2285 760 2368 pudore

389 2462 391 2466 »
413 2420 447 2476 et
469 2412 618 2496 peccatis

287 2599 337 2663 Sit
359 2597 509 2682 splendor
531 2596 665 2662 Domini
687 2597 792 2661 nostri

457 2746 643 2808 supernos,
752 2723 761 2742 ⁹

240 2854 284 2917 Et
306 2873 402 2936 opera
422 2873 578 2916 manuum
600 2861 786 2916 nostrarum
808 2852 910 2937 dirige

458 2999 643 3062 supernos,

243 3105 288 3168 Et
310 3125 390 3188 opus
412 3125 569 3169 manuum
591 3111 776 3169 nostrarum
799 3103 911 3189 dirige.
957 3106 1046 3170 Pscl.
1070 3128 1118 3171 xc.
1144 3111 1195 3172 17.
1307 3186 1315 3199 ἱ

546 3289 637 3366 Esto,
660 3288 810 3366 Domine,

157 3415 252 3478 Intra
405 3411 407 3415 ’
552 3455 554 3459 ⁴
774 3413 945 3493 confortes,

157 3544 259 3607 Extra
555 3558 559 3567 ·
774 3544 944 3624 custodies,

160 3671 266 3752 Supra
773 3679 932 3755 protegas,

158 3802 251 3865 Infra
468 3821 531 3878 me,
576 3808 617 3897 ut
634 3821 686 3864 me
773 3805 944 3877 sustentes,

159 3931 247 3993 Ante
773 3924 922 4002 deducas,

160 4058 250 4121 Pone
774 4074 913 4134 revoces,

160 4184 376 4249 circumcirca
735 4181 745 4268 Ι
779 4182 924 4266 undique
947 4179 1158 4246 communias.
