2910 5002
249 419 296 482 94
529 413 668 481 ETXAI
693 408 1030 478 ΚΑΘΗΜΕΡΙΝΑΙ.

252 580 302 646 Τὰ
322 579 468 663 ὑπόγεια,
554 579 653 652 λίθοι,

552 705 711 788 μέταλλα,
734 705 789 770 καί
808 704 1003 786 μεταλλικὰ,

555 831 718 919 ἄνθρακες,

254 961 335 1045 αἷμα
355 960 410 1026 καὶ
430 963 505 1047 πῦρ,
528 958 583 1025 καὶ
604 957 699 1042 ἀτμὶς
720 961 854 1023 καπνοῦ.

254 1175 512 1264 Παραπτῶματα
533 1177 582 1247 τίς
604 1175 740 1258 σννήσει
751 1202 762 1249 ,·

298 1305 335 1368 ἐκ
356 1307 420 1370 τῶν
441 1304 583 1390 κρυφίων
603 1301 782 1389 καθάρισόν
803 1329 854 1384 με,

256 1431 323 1497 Καί
344 1425 409 1496 ἀπὸ
432 1429 612 1517 ἀλλοτρίων
633 1429 748 1514 φείσαι
769 1431 825 1494 τοῦ
847 1426 962 1494 δούλαν
983 1452 1055 1506 σον,

299 1556 384 1624 ὥστε
404 1557 449 1640 μή
470 1583 531 1642 μου
553 1559 814 1643 κατακνριεῧσαι.

246 1689 381 1753 Ἕνεκεν
402 1689 458 1752 τοῦ
481 1683 635 1767 ὀνόματός
658 1710 729 1763 σον,

300 1812 454 1893 ἱλάσθητι
475 1815 514 1898 τῇ
537 1810 681 1898 ἁμαρτία
701 1837 775 1892 μον,

343 1939 453 2022 πολλὴ
474 1937 539 2025 γάρ
561 1938 642 2003 ε’στι.

258 2065 455 2145 Κατέλαβόν
475 2091 517 2148 με
536 2064 572 2130 αι’
591 2065 720 2147 ἀνομίαι
741 2091 814 2148 μου,

301 2195 355 2260 καὶ
376 2192 434 2260 οὐκ
454 2192 611 2275 ἠδυνήθην
632 2196 688 2258 τοῦ
708 2192 855 2271 βλέπειν

256 2320 531 2402 Ἔνπλοιθίνθησαν
551 2319 633 2407 ὑπὲρ
656 2321 713 2390 τὰς
735 2320 850 2409 τρίχας
872 2324 928 2406 τῆς
951 2325 1097 2408 κεφαλῆς
1118 2348 1191 2406 μον,

303 2449 357 2514 καί
377 2447 398 2530 ἡ
420 2446 535 2536 καρδία
554 2475 619 2531 μον
641 2448 836 2530 ἐγκατέλιπέ
856 2475 907 2532 με.

145 2616 150 2626 ·
259 2574 451 2656 Εῠδόκησον,
475 2576 584 2661 Κύριε,
607 2579 663 2642 τοῦ
684 2576 853 2662 ῥύσασθαί
870 2603 922 2658 με,

303 2702 414 2788 Κύριε,
437 2701 481 2772 εἰς
502 2703 539 2766 τὸ
560 2702 730 2782 βοηθῆσαί
747 2728 802 2783 μοι
823 2702 978 2790 πρόσχες·
1079 2720 1085 2727 ·

259 2828 508 2911 Θανμάστωσον
529 2829 572 2893 τὰ
594 2827 669 2906 ἐλέη
691 2852 753 2891 σου
775 2826 826 2891 ἐπ’
850 2826 929 2908 ἐμοὶ,

304 2954 321 3020 ὁ
344 2953 455 3035 σοίζων
476 2953 548 3024 τοὺς
570 2952 759 3033 ἐλπίζοντας
782 2952 837 3017 ἐπὶ
860 2952 908 3026 σὲ,

260 3081 346 3166 Taya}
367 3079 452 3155 εἶτα,
480 3081 590 3168 Κύριε,
615 3078 752 3159 ἐλέησόν
772 3105 822 3162 με,

306 3211 397 3276 ἴασαι
418 3209 477 3291 ιτὶν
498 3208 614 3297 ’ψυχήν
634 3235 706 3291 μου,
730 3208 780 3274 ὅτι
800 3207 943 3296 ἦμαρτόν
965 3235 1029 3276 σοι.

253 3371 437 3460 Ἥμαρτον,

307 3497 382 3564 ἀλλ’
406 3497 607 3586 ἐντρέπομαι,

351 3624 405 3690 καὶ
425 3622 623 3710 α’ποστρέφιο
645 3621 711 3688 ἀπὸ
733 3625 796 3687 τῶν
818 3621 897 3688 ὁδοῖν
918 3649 981 3705 μου
1001 3627 1156 3711 πονηρῶν,

394 3750 448 3814 καὶ
469 3749 654 3838 ἐπιστρέφω
677 3748 732 3814 ἐπὶ
753 3749 812 3831 τὴν
835 3748 965 3836 καρδίαν
985 3776 1056 3832 μον,

435 3875 488 3940 καὶ
508 3875 543 3940 ἐν
564 3874 678 3960 ίλῃτῆ
701 3874 811 3962 καρδίᾳ
832 3900 895 3956 μον
920 3874 1107 3960 ἐπιστρέφον
1132 3873 1187 3941 ἐπὶ
1210 3875 1257 3940 σε’·

480 4002 534 4068 καὶ
557 4005 637 4082 ζητῶ
659 4002 696 4066 τὸ
716 4000 894 4089 πρόσωπόν
916 4026 985 4075 σου,

526 4129 581 4194 καὶ
602 4128 718 4210 δέομαί
735 4154 805 4208 σου,
827 4127 941 4209 λέγων,

257 4257 443 4347 Ἥμαρτον,
464 4257 619 4341 ήνόμοσα,
642 4254 801 4340 ἠδίκησα,
