2910 5002
427 455 597 533 Plancus
622 455 940 523 QUOTIDIANAE.

371 622 406 686 in
426 624 568 687 sessione
579 646 588 698 ;

244 748 458 816 Instauratori
480 751 555 815 fidoi
576 757 704 830 nostru,
744 801 745 804 η

284 877 319 940 in
342 879 483 943 adventu
505 878 656 945 secundo.

199 1003 247 1067 Ut
269 1005 344 1088 Ipse
367 1006 514 1071 Christus
535 1006 692 1071 formetur
713 1006 749 1070 in
770 1005 871 1094 nobis,

242 1138 280 1194 nt
301 1133 416 1197 fiamus
439 1133 617 1199 conformes

288 1261 429 1344 Imagini
450 1263 530 1346 Ejus
551 1262 586 1325 in
607 1261 765 1345 operibus,

288 1386 501 1473 Conceptioni
523 1390 605 1473 Ejus
627 1389 663 1451 in
684 1388 757 1467 fide,

283 1516 456 1581 Nativitati
478 1518 558 1602 Ejus
578 1517 615 1580 in
636 1517 838 1592 humilitate3

199 1641 263 1705 Pro
284 1643 488 1725 passionibus
511 1644 592 1726 Ejus

283 1769 507 1852 sympathiam
530 1769 649 1833 habere
672 1789 746 1833 cum
769 1769 828 1845 Eo,

324 1903 481 1978 tanquam
503 1916 562 1979 pro
583 1895 677 1960 nobis
699 1895 896 1979 patientem

281 2025 355 2088 Pati
377 2032 507 2108 propter
528 2026 614 2089 Eum
637 2024 766 2108 quando

325 2152 563 2236 beneplacitum
586 2159 635 2216 est
657 2153 707 2217 Ei.

194 2279 420 2363 Antipathiam
442 2302 516 2345 oum
538 2287 670 2363 peceato
691 2279 821 2358 habere,

239 2416 393 2492 tanquam
416 2409 533 2473 harum
554 2410 742 2494 passionum
764 2429 902 2473 oausam.

282 2535 412 2615 Ulcisoi,

283 2664 487 2748 Cinoifigere,

282 2791 489 2870 Mortifieare,

283 2917 424 3000 Sepelire

412 3052 580 3129 peecatum
601 3047 636 3109 in
658 3045 761 3110 nobis.

198 3171 389 3235 Conformes
411 3174 481 3237 fieri
501 3194 561 3237 nos

242 3298 454 3362 Desoensioni
475 3300 557 3384 Ejus
578 3300 613 3363 in
635 3297 810 3376 infernum,

285 3425 407 3490 Crebra
420 3426 629 3490 meditatione
643 3427 679 3490 in
693 3426 792 3490 infer·

327 3574 407 3615 num
422 3551 673 3631 descendentem

242 3679 493 3757 Resurrectioni,
519 3679 560 3742 ad
579 3679 655 3742 vitae
674 3678 798 3742 novita-

370 3812 438 3869 tem
459 3810 683 3886 resurgentem

241 3933 443 4009 ascensioni,
467 3931 637 4015 sapientes,
659 3937 693 3994 et
715 3951 802 4014 quoe-

371 4065 480 4124 rentes
502 4080 541 4122 ea
562 4078 634 4142 quse
654 4078 783 4122 sursum
805 4061 892 4136 sunt,
915 4061 949 4119 et

501 4188 656 4253 viciniora
678 4187 774 4252 saluti
784 4213 795 4266 ;

243 4320 382 4401 Judisio,
405 4319 619 4404 nosmetipsos
642 4316 759 4402 dijudi-
