2910 5002
258 421 323 487 202
551 420 691 487 ETXAI
716 423 1057 493 ΚΑΘΗΜΕΡΙΝΑΙ.

385 589 441 672 μή,
464 588 490 655 ῶ
514 587 621 675 Κῦριε.

290 717 366 784 Ἵνα
388 717 424 782 δὲ
445 717 517 802 μή,

264 842 510 925 Απαυάστησόυ
530 869 593 925 μοι,
620 843 730 933 Κύριε,

343 975 400 1060 [1.]
426 972 486 1056 τήν
507 972 780 1061 σκληροκαρδίαν,

348 1100 405 1185 [2.]
430 1097 468 1165 τὸ
489 1097 704 1181 ἀπηλιγήσθαι
725 1098 809 1180 μετὰ
830 1096 868 1165 τὸ
889 1099 1054 1189 ἁμαρτεῖν,

347 1225 404 1311 [3.]
429 1223 489 1307 τήν
509 1223 745 1312 πωροκαρδίαν,

343 1352 401 1440 [είς]
425 1351 462 1416 τὸ
484 1350 662 1434 ἐξουθενεῖν
683 1350 742 1421 τάς
765 1350 904 1424 ἀπειλάς
926 1379 997 1433 σον,

341 1482 398 1568 [5.]
422 1480 460 1546 τῦ
486 1480 658 1568 καυτήριον
679 1483 737 1561 τῆς
758 1479 982 1565 συνειδήσεως,
1013 1542 1017 1551 .

345 1610 407 1696 [6.]
431 1608 487 1676 τδυ
508 1611 582 1675 νοῦν
604 1605 789 1691 ἀδόκιμον.δ

343 1735 402 1818 τήν
422 1733 585 1823 ἁμαρτίαν
607 1733 692 1800 κατὰ
712 1734 902 1819 Πνεῦματος
923 1733 1029 1820 ἀνγίου,

280 1870 285 1881 “
344 1860 405 1947 τήν
426 1861 588 1951 ἁμαρτίαν
609 1860 654 1932 εἰς
677 1860 824 1943 θάνατον,

427 1988 477 2055 Τά
497 1987 644 2078 τέσσαρα
665 1991 730 2056 τῶν
752 1987 910 2077 ἐκφῶνων.

473 2122 494 2170 *
516 2114 558 2181 τά
579 2115 616 2200 ἓξ
636 2114 806 2207 πρόδρομα
826 2121 884 2199 τῆς
905 2117 991 2184 κατά

514 2244 702 2327 Πνεῦματος
723 2243 825 2328 ιὐγίον.

596 2500 715 2568 Ῥῦσαί
733 2527 774 2584 με

156 2641 160 2647 “
253 2629 339 2696 Ἀπδ
360 2633 424 2695 τῶν
445 2628 554 2696 δεινῶν
575 2629 630 2695 καὶ
652 2628 818 2718 δυσχερῶν
839 2632 896 2696 τοῦ
919 2628 1045 2714 κόσμου
1065 2630 1190 2712 τοῦτον,

342 2757 471 2839 λοιμοῦ,
493 2758 600 2838 λιμοῦ,
623 2753 781 2838 πολέμου,

341 2885 488 2965 σεισμοῦ,
512 2884 789 2964 καταποντισμοῦ,
813 2881 1017 2969 ἐμπρησμοῦ,

338 3011 469 3092 πληγῆς
490 3007 627 3095 ὄμβρων
648 3006 805 3096 ἀκρατῶν,
828 3005 1016 3096 ἀνομβρίας,

337 3133 580 3222 ἀνεμοφθορίας,
604 3134 770 3223 ἐρυσίβης,

340 3262 588 3350 ἐμβροντισμοῦ,
612 3259 791 3350 ἀστραπῆς,
815 3261 1008 3346 καταιγίδος,

340 3387 443 3455 νόσων
465 3385 648 3468 ἐπιδημίαν,
666 3385 802 3470 ,ἀξειῶυ,·
816 3385 872 3452 καὶ
893 3389 1008 3461 κακῶν,

424 3511 563 3579 θανάτου
585 3510 797 3600 ἀπρονοήτου.

253 3639 338 3707 Ἀπὸ
360 3642 424 3706 τῶν
443 3636 553 3707 ’κακῶν
574 3639 630 3706 καὶ
650 3641 809 3729 χαλεπῶν
831 3640 866 3705 ἐν
887 3642 927 3726 τῇ
949 3637 1138 3728 Ἐκκλησία,

341 3771 398 3851 τῆς
422 3767 503 3839 ι’δίας
524 3767 714 3843 ἐπικλήσεως,

341 3898 402 3963 τοῦ
422 3897 621 3977 καινοτομεῖν
641 3893 716 3982 περὶ
737 3894 780 3959 τὰ
802 3893 880 3983 ἱερὰ.

341 4024 398 4087 τοῦ
420 4018 726 4108 ἑτεροδιδασκαλεῖν,

341 4149 398 4214 τοῦ
421 4150 527 4213 νοσεῖν
549 4144 624 4234 περὶ
647 4144 706 4217 τάς
731 4145 885 4230 ζητήσεις,
910 4145 965 4212 καῖ
990 4145 1049 4218 τάς
1071 4147 1183 4237 μάχας

427 4273 623 4362 ἀπεράντους
645 4278 757 4341 ποιεῖν.
