<?xml version="1.0" encoding="UTF-8"?>
<!DOCTYPE html PUBLIC "-//W3C//DTD XHTML 1.0 Transitional//EN"
    "http://www.w3.org/TR/xhtml1/DTD/xhtml1-transitional.dtd">
<html xmlns="http://www.w3.org/1999/xhtml" xml:lang="en" lang="en">
 <head>
  <title>
</title>
<meta http-equiv="Content-Type" content="text/html;charset=utf-8" />
  <meta name='ocr-system' content='tesseract 3.04.00' />
  <meta name='ocr-capabilities' content='ocr_page ocr_carea ocr_par ocr_line ocrx_word'/>
</head>
<body>
  <div class='ocr_page' id='page_1' title='image "./precesprivataeq00andrgoog_0172.png"; bbox 0 0 2910 5002; ppageno 0'>
   <div class='ocr_carea' id='block_1_1' title="bbox 259 389 1040 478">
    <p class='ocr_par' dir='ltr' id='par_1_1' title="bbox 259 389 1040 478">
     <span class='ocr_line' id='line_1_1' title="bbox 259 389 1040 478; baseline 0.001 -26"><span class='ocrx_word' id='word_1_1' title='bbox 259 390 322 452; x_wconf 81' lang='lat'>152</span> <span class='ocrx_word' id='word_1_2' title='bbox 537 390 675 454; x_wconf 74' lang='lat' dir='ltr'>ETXAI</span> <span class='ocrx_word' id='word_1_3' title='bbox 700 389 1040 478; x_wconf 83' lang='grc' dir='ltr'><strong>ΚΑΘΗΜΕΡΙΝΑΙ,</strong></span> 
     </span>
    </p>
   </div>
   <div class='ocr_carea' id='block_1_2' title="bbox 255 558 1132 4203">
    <p class='ocr_par' dir='ltr' id='par_1_2' title="bbox 255 558 1132 4203">
     <span class='ocr_line' id='line_1_2' title="bbox 432 558 891 643; baseline 0 -17"><span class='ocrx_word' id='word_1_4' title='bbox 432 559 487 626; x_wconf 82' lang='grc' dir='ltr'>καί</span> <span class='ocrx_word' id='word_1_5' title='bbox 508 563 603 625; x_wconf 81' lang='grc' dir='ltr'>τοῦτο</span> <span class='ocrx_word' id='word_1_6' title='bbox 625 559 663 626; x_wconf 79' lang='grc' dir='ltr'>οὐ</span> <span class='ocrx_word' id='word_1_7' title='bbox 683 558 728 643; x_wconf 83' lang='grc' dir='ltr'>μή</span> <span class='ocrx_word' id='word_1_8' title='bbox 750 559 891 643; x_wconf 73' lang='grc' dir='ltr'>ιγένηται.</span> 
     </span>
     <span class='ocr_line' id='line_1_3' title="bbox 255 687 935 775; baseline 0.003 -23"><span class='ocrx_word' id='word_1_9' title='bbox 255 687 512 770; x_wconf 84' lang='grc' dir='ltr'>Φυλασσόμενος</span> <span class='ocrx_word' id='word_1_10' title='bbox 533 688 576 754; x_wconf 86' lang='grc' dir='ltr'>τά</span> <span class='ocrx_word' id='word_1_11' title='bbox 596 687 719 770; x_wconf 87' lang='grc' dir='ltr'>μάταια</span> <span class='ocrx_word' id='word_1_12' title='bbox 741 689 797 754; x_wconf 79' lang='grc' dir='ltr'>καὶ</span> <span class='ocrx_word' id='word_1_13' title='bbox 817 687 935 775; x_wconf 67' lang='grc' dir='ltr'>ψευδῆ,</span> 
     </span>
     <span class='ocr_line' id='line_1_4' title="bbox 344 814 860 898; baseline 0.002 -19"><span class='ocrx_word' id='word_1_14' title='bbox 344 815 400 880; x_wconf 82' lang='grc' dir='ltr'>τὸν</span> <span class='ocrx_word' id='word_1_15' title='bbox 421 814 513 882; x_wconf 80' lang='grc' dir='ltr'>ἔλεον</span> <span class='ocrx_word' id='word_1_16' title='bbox 535 817 612 898; x_wconf 82' lang='grc' dir='ltr'>ἐμοῦ</span> <span class='ocrx_word' id='word_1_17' title='bbox 634 814 860 898; x_wconf 69' lang='grc' dir='ltr'>ἐγκατέλιπον·</span> 
     </span>
     <span class='ocr_line' id='line_1_5' title="bbox 388 941 977 1029; baseline 0 -22"><span class='ocrx_word' id='word_1_18' title='bbox 388 942 444 1008; x_wconf 82' lang='grc' dir='ltr'>καὶ</span> <span class='ocrx_word' id='word_1_19' title='bbox 465 941 625 1022; x_wconf 81' lang='grc' dir='ltr'>άπάσθην</span> <span class='ocrx_word' id='word_1_20' title='bbox 647 943 684 1026; x_wconf 76' lang='grc' dir='ltr'>ἐξ</span> <span class='ocrx_word' id='word_1_21' title='bbox 702 941 883 1029; x_wconf 75' lang='grc' dir='ltr'>ὀφθαλμῶν</span> <span class='ocrx_word' id='word_1_22' title='bbox 905 968 977 1007; x_wconf 91' lang='grc' dir='ltr'>σου.</span> 
     </span>
     <span class='ocr_line' id='line_1_6' title="bbox 256 1068 1081 1158; baseline 0.004 -26"><span class='ocrx_word' id='word_1_23' title='bbox 256 1068 314 1133; x_wconf 87' lang='grc' dir='ltr'>Ἐν</span> <span class='ocrx_word' id='word_1_24' title='bbox 335 1068 370 1134; x_wconf 81' lang='grc' dir='ltr'>δὲ</span> <span class='ocrx_word' id='word_1_25' title='bbox 391 1074 437 1158; x_wconf 73' lang='grc' dir='ltr'>τῷ</span> <span class='ocrx_word' id='word_1_26' title='bbox 459 1069 624 1136; x_wconf 79' lang='grc' dir='ltr'>ἐκλείπειν</span> <span class='ocrx_word' id='word_1_27' title='bbox 645 1069 678 1135; x_wconf 90' lang='grc' dir='ltr'>ἐν</span> <span class='ocrx_word' id='word_1_28' title='bbox 700 1069 770 1151; x_wconf 82' lang='grc' dir='ltr'>ἐμοὶ</span> <span class='ocrx_word' id='word_1_29' title='bbox 791 1069 850 1151; x_wconf 84' lang='grc' dir='ltr'>τήν</span> <span class='ocrx_word' id='word_1_30' title='bbox 870 1068 988 1158; x_wconf 63' lang='grc' dir='ltr'>ψυχήν</span> <span class='ocrx_word' id='word_1_31' title='bbox 1009 1095 1081 1152; x_wconf 88' lang='grc' dir='ltr'>μου,</span> 
     </span>
     <span class='ocr_line' id='line_1_7' title="bbox 603 1195 1002 1281; baseline 0.003 -22"><span class='ocrx_word' id='word_1_32' title='bbox 603 1199 659 1262; x_wconf 80' lang='grc' dir='ltr'>τοῦ</span> <span class='ocrx_word' id='word_1_33' title='bbox 682 1195 805 1281; x_wconf 83' lang='grc' dir='ltr'>Κυρίου</span> <span class='ocrx_word' id='word_1_34' title='bbox 828 1195 1002 1279; x_wconf 79' lang='grc' dir='ltr'>ἐμνήσθην.</span> 
     </span>
     <span class='ocr_line' id='line_1_8' title="bbox 256 1322 1120 1411; baseline 0 -23"><span class='ocrx_word' id='word_1_35' title='bbox 256 1323 437 1408; x_wconf 85' lang='grc' dir='ltr'>προσθήσω</span> <span class='ocrx_word' id='word_1_36' title='bbox 460 1324 508 1390; x_wconf 83' lang='grc' dir='ltr'>ἔτι</span> <span class='ocrx_word' id='word_1_37' title='bbox 529 1323 717 1410; x_wconf 66' lang='grc' dir='ltr'>ἐπιβλέψαι</span> <span class='ocrx_word' id='word_1_38' title='bbox 738 1323 818 1411; x_wconf 81' lang='grc' dir='ltr'>πρὸς</span> <span class='ocrx_word' id='word_1_39' title='bbox 839 1323 915 1390; x_wconf 81' lang='grc' dir='ltr'>ναὸν</span> <span class='ocrx_word' id='word_1_40' title='bbox 937 1322 1028 1406; x_wconf 81' lang='grc' dir='ltr'>άγιάν</span> <span class='ocrx_word' id='word_1_41' title='bbox 1049 1322 1120 1402; x_wconf 84' lang='grc' dir='ltr'>σου,</span> 
     </span>
     <span class='ocr_line' id='line_1_9' title="bbox 303 1446 885 1536; baseline 0.002 -24"><span class='ocrx_word' id='word_1_42' title='bbox 303 1446 456 1530; x_wconf 83' lang='grc' dir='ltr'>άναβήτω</span> <span class='ocrx_word' id='word_1_43' title='bbox 480 1449 517 1513; x_wconf 88' lang='grc' dir='ltr'>ἐκ</span> <span class='ocrx_word' id='word_1_44' title='bbox 538 1448 663 1536; x_wconf 81' lang='grc' dir='ltr'>φθορᾶς</span> <span class='ocrx_word' id='word_1_45' title='bbox 683 1448 704 1530; x_wconf 85' lang='grc' dir='ltr'>ή</span> <span class='ocrx_word' id='word_1_46' title='bbox 731 1447 791 1530; x_wconf 88' lang='grc' dir='ltr'>ζωή</span> <span class='ocrx_word' id='word_1_47' title='bbox 814 1475 885 1531; x_wconf 89' lang='grc' dir='ltr'>μου.</span> 
     </span>
     <span class='ocr_line' id='line_1_10' title="bbox 259 1571 1001 1661; baseline 0.007 -24"><span class='ocrx_word' id='word_1_48' title='bbox 259 1573 316 1643; x_wconf 81' lang='grc' dir='ltr'>Τίς</span> <span class='ocrx_word' id='word_1_49' title='bbox 336 1572 419 1643; x_wconf 82' lang='grc' dir='ltr'>Θεὸς</span> <span class='ocrx_word' id='word_1_50' title='bbox 440 1573 550 1661; x_wconf 85' lang='grc' dir='ltr'>ὥσπερ</span> <span class='ocrx_word' id='word_1_51' title='bbox 572 1573 623 1647; x_wconf 83' lang='grc' dir='ltr'>σι),</span> <span class='ocrx_word' id='word_1_52' title='bbox 647 1571 852 1661; x_wconf 81' lang='grc' dir='ltr'>ὑπερβαίνων</span> <span class='ocrx_word' id='word_1_53' title='bbox 873 1571 1001 1643; x_wconf 81' lang='grc' dir='ltr'>ἀδικίας</span> 
     </span>
     <span class='ocr_line' id='line_1_11' title="bbox 304 1701 1019 1788; baseline 0 -21"><span class='ocrx_word' id='word_1_54' title='bbox 304 1707 369 1772; x_wconf 88' lang='grc' dir='ltr'>τοῖς</span> <span class='ocrx_word' id='word_1_55' title='bbox 391 1701 602 1772; x_wconf 88' lang='grc' dir='ltr'>καταλοίποις</span> <span class='ocrx_word' id='word_1_56' title='bbox 623 1704 679 1782; x_wconf 82' lang='grc' dir='ltr'>τῆς</span> <span class='ocrx_word' id='word_1_57' title='bbox 700 1701 912 1788; x_wconf 80' lang='grc' dir='ltr'>κληρονομίας</span> <span class='ocrx_word' id='word_1_58' title='bbox 935 1728 997 1767; x_wconf 90' lang='grc' dir='ltr'>σου</span> <span class='ocrx_word' id='word_1_59' title='bbox 1007 1729 1019 1777; x_wconf 85' lang='grc'>,·</span> 
     </span>
     <span class='ocr_line' id='line_1_12' title="bbox 260 1814 1132 1919; baseline -0.003 -20"><span class='ocrx_word' id='word_1_60' title='bbox 260 1833 318 1899; x_wconf 80' lang='grc' dir='ltr'>οὐκ</span> <span class='ocrx_word' id='word_1_61' title='bbox 340 1831 390 1898; x_wconf 81' lang='grc' dir='ltr'>ἀεὶ</span> <span class='ocrx_word' id='word_1_62' title='bbox 411 1832 583 1918; x_wconf 80' lang='grc' dir='ltr'>κρατήσεις</span> <span class='ocrx_word' id='word_1_63' title='bbox 604 1830 648 1901; x_wconf 84' lang='grc' dir='ltr'>εἰς</span> <span class='ocrx_word' id='word_1_64' title='bbox 668 1831 843 1919; x_wconf 83' lang='grc' dir='ltr'>μαρτύριον</span> <span class='ocrx_word' id='word_1_65' title='bbox 864 1831 922 1913; x_wconf 87' lang='grc' dir='ltr'>τήν</span> <span class='ocrx_word' id='word_1_66' title='bbox 943 1830 1041 1919; x_wconf 83' lang='grc' dir='ltr'>ὀργήν</span> <span class='ocrx_word' id='word_1_67' title='bbox 1062 1814 1132 1906; x_wconf 85' lang='grc' dir='ltr'>σου,</span> 
     </span>
     <span class='ocr_line' id='line_1_13' title="bbox 346 1956 813 2042; baseline -0.002 -18"><span class='ocrx_word' id='word_1_68' title='bbox 346 1959 397 2025; x_wconf 78' lang='grc' dir='ltr'>δτι</span> <span class='ocrx_word' id='word_1_69' title='bbox 420 1959 559 2042; x_wconf 81' lang='grc' dir='ltr'>θελητής</span> <span class='ocrx_word' id='word_1_70' title='bbox 581 1958 690 2030; x_wconf 82' lang='grc' dir='ltr'>ἐλέονς</span> <span class='ocrx_word' id='word_1_71' title='bbox 711 1956 741 2023; x_wconf 80' lang='grc' dir='ltr'>εί</span> <span class='ocrx_word' id='word_1_72' title='bbox 761 1958 813 2024; x_wconf 81' lang='grc' dir='ltr'>σύ·</span> 
     </span>
     <span class='ocr_line' id='line_1_14' title="bbox 259 2084 996 2176; baseline -0.004 -23"><span class='ocrx_word' id='word_1_73' title='bbox 259 2087 494 2176; x_wconf 69' lang='grc' dir='ltr'>Ἐπίστρεήον,</span> <span class='ocrx_word' id='word_1_74' title='bbox 517 2086 571 2151; x_wconf 87' lang='grc' dir='ltr'>καὶ</span> <span class='ocrx_word' id='word_1_75' title='bbox 592 2086 750 2174; x_wconf 85' lang='grc' dir='ltr'>οἴκτειρον</span> <span class='ocrx_word' id='word_1_76' title='bbox 770 2084 863 2168; x_wconf 85' lang='grc' dir='ltr'>ήμάς,</span> <span class='ocrx_word' id='word_1_77' title='bbox 888 2084 996 2174; x_wconf 85' lang='grc' dir='ltr'>Κύριε·</span> 
     </span>
     <span class='ocr_line' id='line_1_15' title="bbox 306 2211 842 2297; baseline -0.006 -15"><span class='ocrx_word' id='word_1_78' title='bbox 306 2213 487 2282; x_wconf 83' lang='grc' dir='ltr'>κατάδυσιν</span> <span class='ocrx_word' id='word_1_79' title='bbox 509 2211 567 2284; x_wconf 87' lang='grc' dir='ltr'>τὰς</span> <span class='ocrx_word' id='word_1_80' title='bbox 590 2213 722 2296; x_wconf 82' lang='grc' dir='ltr'>ἀνομίας</span> <span class='ocrx_word' id='word_1_81' title='bbox 743 2213 842 2297; x_wconf 80' lang='grc' dir='ltr'>ἡμῶν.</span> 
     </span>
     <span class='ocr_line' id='line_1_16' title="bbox 262 2338 1047 2426; baseline 0.005 -22"><span class='ocrx_word' id='word_1_82' title='bbox 262 2339 329 2404; x_wconf 86' lang='grc' dir='ltr'>Καὶ</span> <span class='ocrx_word' id='word_1_83' title='bbox 350 2338 537 2426; x_wconf 70' lang='grc' dir='ltr'>ἀπόρριψον</span> <span class='ocrx_word' id='word_1_84' title='bbox 559 2338 604 2410; x_wconf 82' lang='grc' dir='ltr'>είς</span> <span class='ocrx_word' id='word_1_85' title='bbox 624 2338 667 2404; x_wconf 83' lang='grc' dir='ltr'>τά</span> <span class='ocrx_word' id='word_1_86' title='bbox 688 2338 781 2420; x_wconf 86' lang='grc' dir='ltr'>βάθη</span> <span class='ocrx_word' id='word_1_87' title='bbox 803 2343 860 2422; x_wconf 81' lang='grc' dir='ltr'>τῆς</span> <span class='ocrx_word' id='word_1_88' title='bbox 882 2338 1047 2419; x_wconf 84' lang='grc' dir='ltr'>θαλάττης</span> 
     </span>
     <span class='ocr_line' id='line_1_17' title="bbox 345 2466 835 2555; baseline 0 -22"><span class='ocrx_word' id='word_1_89' title='bbox 345 2468 456 2538; x_wconf 87' lang='grc' dir='ltr'>πάσας</span> <span class='ocrx_word' id='word_1_90' title='bbox 477 2467 534 2539; x_wconf 79' lang='grc' dir='ltr'>τὰς</span> <span class='ocrx_word' id='word_1_91' title='bbox 556 2466 714 2555; x_wconf 82' lang='grc' dir='ltr'>ἁμαρτίας</span> <span class='ocrx_word' id='word_1_92' title='bbox 736 2467 835 2550; x_wconf 77' lang='grc' dir='ltr'>ἡμῶν</span> 
     </span>
     <span class='ocr_line' id='line_1_18' title="bbox 432 2592 1124 2677; baseline 0.007 -18"><span class='ocrx_word' id='word_1_93' title='bbox 432 2592 516 2659; x_wconf 79' lang='grc' dir='ltr'>κατὰ</span> <span class='ocrx_word' id='word_1_94' title='bbox 536 2592 595 2677; x_wconf 84' lang='grc' dir='ltr'>τήν</span> <span class='ocrx_word' id='word_1_95' title='bbox 615 2592 779 2675; x_wconf 77' lang='grc' dir='ltr'>ἀλήθειαν,</span> <span class='ocrx_word' id='word_1_96' title='bbox 802 2593 959 2660; x_wconf 77' lang='grc' dir='ltr'>καὶκατὰ</span> <span class='ocrx_word' id='word_1_97' title='bbox 980 2593 1017 2660; x_wconf 81' lang='grc' dir='ltr'>τὸ</span> <span class='ocrx_word' id='word_1_98' title='bbox 1038 2592 1124 2664; x_wconf 74' lang='grc' dir='ltr'>ἔλεός</span> 
     </span>
     <span class='ocr_line' id='line_1_19' title="bbox 519 2747 588 2786; baseline 0 0"><span class='ocrx_word' id='word_1_99' title='bbox 519 2747 588 2786; x_wconf 89' lang='grc' dir='ltr'>σου.</span> 
     </span>
     <span class='ocr_line' id='line_1_20' title="bbox 260 2845 865 2936; baseline 0 -24"><span class='ocrx_word' id='word_1_100' title='bbox 260 2848 371 2936; x_wconf 81' lang='grc' dir='ltr'>Κύριε,</span> <span class='ocrx_word' id='word_1_101' title='bbox 395 2847 570 2928; x_wconf 82' lang='grc' dir='ltr'>εἰσακήκοα</span> <span class='ocrx_word' id='word_1_102' title='bbox 591 2846 649 2928; x_wconf 83' lang='grc' dir='ltr'>τήν</span> <span class='ocrx_word' id='word_1_103' title='bbox 671 2845 771 2927; x_wconf 82' lang='grc' dir='ltr'>ἀκοήν</span> <span class='ocrx_word' id='word_1_104' title='bbox 793 2872 865 2927; x_wconf 84' lang='grc' dir='ltr'>σου,</span> 
     </span>
     <span class='ocr_line' id='line_1_21' title="bbox 475 2971 728 3059; baseline 0.008 -23"><span class='ocrx_word' id='word_1_105' title='bbox 475 2973 529 3038; x_wconf 88' lang='grc' dir='ltr'>καὶ</span> <span class='ocrx_word' id='word_1_106' title='bbox 552 2971 728 3059; x_wconf 80' lang='grc' dir='ltr'>ἐφοβήθην</span> 
     </span>
     <span class='ocr_line' id='line_1_22' title="bbox 347 3098 795 3187; baseline -0.004 -22"><span class='ocrx_word' id='word_1_107' title='bbox 347 3098 539 3180; x_wconf 87' lang='grc' dir='ltr'>Κατενάησα</span> <span class='ocrx_word' id='word_1_108' title='bbox 559 3098 602 3165; x_wconf 82' lang='grc' dir='ltr'>τὰ</span> <span class='ocrx_word' id='word_1_109' title='bbox 623 3098 702 3187; x_wconf 79' lang='grc' dir='ltr'>ἔργα</span> <span class='ocrx_word' id='word_1_110' title='bbox 724 3124 795 3172; x_wconf 81' lang='grc' dir='ltr'>σου,</span> 
     </span>
     <span class='ocr_line' id='line_1_23' title="bbox 477 3227 699 3311; baseline -0.009 -19"><span class='ocrx_word' id='word_1_111' title='bbox 477 3228 532 3293; x_wconf 85' lang='grc' dir='ltr'>καί</span> <span class='ocrx_word' id='word_1_112' title='bbox 555 3227 699 3311; x_wconf 74' lang='grc' dir='ltr'>ἐξέστην.</span> 
     </span>
     <span class='ocr_line' id='line_1_24' title="bbox 257 3349 926 3441; baseline -0.009 -20"><span class='ocrx_word' id='word_1_113' title='bbox 257 3414 260 3421; x_wconf 96' lang='grc'>.</span> <span class='ocrx_word' id='word_1_114' title='bbox 302 3353 360 3420; x_wconf 88' lang='grc' dir='ltr'>Ἐν</span> <span class='ocrx_word' id='word_1_115' title='bbox 381 3357 421 3439; x_wconf 82' lang='grc' dir='ltr'>τῇ</span> <span class='ocrx_word' id='word_1_116' title='bbox 443 3352 522 3441; x_wconf 77' lang='grc' dir='ltr'>ὀργῇ</span> <span class='ocrx_word' id='word_1_117' title='bbox 543 3351 708 3434; x_wconf 91' lang='grc' dir='ltr'>μνήσθητι</span> <span class='ocrx_word' id='word_1_118' title='bbox 730 3354 788 3417; x_wconf 84' lang='grc' dir='ltr'>τοῦ</span> <span class='ocrx_word' id='word_1_119' title='bbox 809 3349 926 3422; x_wconf 72' lang='grc' dir='ltr'>ἐλέους,</span> 
     </span>
     <span class='ocr_line' id='line_1_25' title="bbox 255 3476 1064 3567; baseline -0.002 -22"><span class='ocrx_word' id='word_1_120' title='bbox 255 3479 340 3546; x_wconf 81' lang='grc' dir='ltr'>Ἰδοῦ</span> <span class='ocrx_word' id='word_1_121' title='bbox 360 3506 410 3563; x_wconf 89' lang='grc' dir='ltr'>με,</span> <span class='ocrx_word' id='word_1_122' title='bbox 435 3478 544 3567; x_wconf 83' lang='grc' dir='ltr'>Κύριε,</span> <span class='ocrx_word' id='word_1_123' title='bbox 567 3476 769 3562; x_wconf 75' lang='grc' dir='ltr'>ἐνδεδυμένον</span> <span class='ocrx_word' id='word_1_124' title='bbox 792 3477 903 3561; x_wconf 85' lang='grc' dir='ltr'>ἱμάτια</span> <span class='ocrx_word' id='word_1_125' title='bbox 923 3477 1064 3566; x_wconf 73' lang='grc' dir='ltr'>ῥυπαρά,</span> 
     </span>
     <span class='ocr_line' id='line_1_26' title="bbox 304 3604 1079 3689; baseline -0.006 -14"><span class='ocrx_word' id='word_1_126' title='bbox 304 3607 369 3675; x_wconf 81' lang='grc' dir='ltr'>ἰδοῦ</span> <span class='ocrx_word' id='word_1_127' title='bbox 391 3607 446 3676; x_wconf 82' lang='grc' dir='ltr'>τὸν</span> <span class='ocrx_word' id='word_1_128' title='bbox 466 3607 623 3689; x_wconf 86' lang='grc' dir='ltr'>διάβολον</span> <span class='ocrx_word' id='word_1_129' title='bbox 643 3605 804 3687; x_wconf 83' lang='grc' dir='ltr'>ἑστηκότα</span> <span class='ocrx_word' id='word_1_130' title='bbox 823 3632 880 3689; x_wconf 94' lang='grc' dir='ltr'>μοι</span> <span class='ocrx_word' id='word_1_131' title='bbox 901 3606 936 3672; x_wconf 90' lang='grc' dir='ltr'>ἐκ</span> <span class='ocrx_word' id='word_1_132' title='bbox 958 3604 1079 3688; x_wconf 81' lang='grc' dir='ltr'>δεξιῶν·</span> 
     </span>
     <span class='ocr_line' id='line_1_27' title="bbox 259 3729 963 3818; baseline 0.004 -22"><span class='ocrx_word' id='word_1_133' title='bbox 259 3731 323 3806; x_wconf 81' lang='grc' dir='ltr'>καὶ,</span> <span class='ocrx_word' id='word_1_134' title='bbox 346 3729 371 3797; x_wconf 81' lang='grc' dir='ltr'><em>ὦ</em></span> <span class='ocrx_word' id='word_1_135' title='bbox 393 3730 506 3818; x_wconf 82' lang='grc' dir='ltr'>Κύριε,</span> <span class='ocrx_word' id='word_1_136' title='bbox 529 3732 563 3798; x_wconf 85' lang='grc' dir='ltr'>ἐν</span> <span class='ocrx_word' id='word_1_137' title='bbox 584 3729 697 3814; x_wconf 83' lang='grc' dir='ltr'>αἵματι</span> <span class='ocrx_word' id='word_1_138' title='bbox 719 3732 871 3816; x_wconf 81' lang='grc' dir='ltr'>διαθήκης</span> <span class='ocrx_word' id='word_1_139' title='bbox 893 3760 963 3807; x_wconf 86' lang='grc' dir='ltr'>σου,</span> 
     </span>
     <span class='ocr_line' id='line_1_28' title="bbox 303 3857 689 3946; baseline 0.003 -22"><span class='ocrx_word' id='word_1_140' title='bbox 303 3860 338 3924; x_wconf 89' lang='grc' dir='ltr'>ἐν</span> <span class='ocrx_word' id='word_1_141' title='bbox 358 3863 448 3944; x_wconf 70' lang='grc' dir='ltr'>πηγῇ</span> <span class='ocrx_word' id='word_1_142' title='bbox 469 3857 689 3946; x_wconf 77' lang='grc' dir='ltr'>διανονμμέυη</span> 
     </span>
     <span class='ocr_line' id='line_1_29' title="bbox 346 3986 982 4077; baseline 0.005 -26"><span class='ocrx_word' id='word_1_143' title='bbox 346 3986 391 4057; x_wconf 82' lang='grc' dir='ltr'>εἰς</span> <span class='ocrx_word' id='word_1_144' title='bbox 410 3987 586 4073; x_wconf 70' lang='grc' dir='ltr'>ῥαντισμὸν</span> <span class='ocrx_word' id='word_1_145' title='bbox 607 3988 702 4073; x_wconf 82' lang='grc' dir='ltr'>πάσῃ</span> <span class='ocrx_word' id='word_1_146' title='bbox 724 3992 764 4073; x_wconf 82' lang='grc' dir='ltr'>τῇ</span> <span class='ocrx_word' id='word_1_147' title='bbox 786 3987 982 4077; x_wconf 75' lang='grc' dir='ltr'>ἀκαθαρσίᾳ,</span> 
     </span>
     <span class='ocr_line' id='line_1_30' title="bbox 431 4113 988 4203; baseline 0.007 -24"><span class='ocrx_word' id='word_1_148' title='bbox 431 4113 561 4200; x_wconf 79' lang='grc' dir='ltr'>ἀφαίρει</span> <span class='ocrx_word' id='word_1_149' title='bbox 583 4113 639 4180; x_wconf 80' lang='grc' dir='ltr'>ἀπ’</span> <span class='ocrx_word' id='word_1_150' title='bbox 663 4117 740 4198; x_wconf 83' lang='grc' dir='ltr'>ἐμοῦ</span> <span class='ocrx_word' id='word_1_151' title='bbox 763 4117 821 4203; x_wconf 75' lang='grc' dir='ltr'>τὰς</span> <span class='ocrx_word' id='word_1_152' title='bbox 844 4114 988 4201; x_wconf 81' lang='grc' dir='ltr'>ἀνομίας,</span> 
     </span>
    </p>
   </div>
   <div class='ocr_carea' id='block_1_3' title="bbox 431 4241 1113 4332">
    <p class='ocr_par' dir='ltr' id='par_1_3' title="bbox 431 4241 1113 4332">
     <span class='ocr_line' id='line_1_31' title="bbox 431 4241 1113 4332; baseline 0.004 -24"><span class='ocrx_word' id='word_1_153' title='bbox 431 4241 486 4308; x_wconf 83' lang='grc' dir='ltr'>καὶ</span> <span class='ocrx_word' id='word_1_154' title='bbox 508 4242 565 4313; x_wconf 85' lang='grc' dir='ltr'>τάς</span> <span class='ocrx_word' id='word_1_155' title='bbox 585 4241 743 4329; x_wconf 84' lang='grc' dir='ltr'>ἁμαρτίας</span> <span class='ocrx_word' id='word_1_156' title='bbox 764 4270 827 4326; x_wconf 91' lang='grc' dir='ltr'>μου</span> <span class='ocrx_word' id='word_1_157' title='bbox 847 4244 1113 4332; x_wconf 88' lang='grc' dir='ltr'>περικαθάρισον·</span> 
     </span>
    </p>
   </div>
   <div class='ocr_carea' id='block_1_4' title="bbox 0 0 1479 5002">
    <p class='ocr_par' dir='ltr' id='par_1_4' title="bbox 0 0 1479 5002">
     <span class='ocr_line' id='line_1_32' title="bbox 0 0 1479 5002; baseline 0 0"><span class='ocrx_word' id='word_1_158' title='bbox 0 0 1479 5002; x_wconf 95' lang='lat' dir='ltr'> </span> 
     </span>
    </p>
   </div>
  </div>
 </body>
</html>
