2910 5002
206 412 249 474 26
487 413 625 477 ΕΤΧΑΙ
650 412 985 487 ΚΑΘΗΜΕΡΙΝΑΙ.

211 644 213 649 ,
293 576 351 660 τὴν
372 578 489 666 ψυχήν
511 604 581 659 μου.

205 702 459 782 Ἀπανάστησον
481 707 537 786 τῆς
558 708 672 791 ψυχῆς
693 731 756 787 μου

249 831 425 912 λογισμούς
447 829 628 901 ἀσυνέτους.

203 955 410 1038 Ἔμπνευσου
431 955 465 1021 δὲ
487 956 634 1039 ἀγαθούς,

250 1081 304 1146 καὶ
326 1081 370 1153 εἰς
392 1081 536 1150 εὐδοκίαν
558 1083 694 1150 ἐνώπιόν
716 1109 785 1148 σου.
831 1130 834 1137 ,

205 1207 441 1296 Ἀπόστρεψον
463 1209 536 1279 τούς
558 1209 745 1296 ὀφθαλμούς
765 1237 836 1294 μου,

292 1341 348 1403 τοῦ
369 1337 414 1420 μὴ
437 1337 513 1402 ι’δεῖν
533 1338 743 1421 ματαιότητα.
798 1386 801 1391 ·

293 1463 339 1529 Οἱ
358 1463 527 1552 ὀφθαλμοί
545 1492 608 1547 μου
631 1465 673 1530 τὰ
695 1464 777 1554 ὀρθά
798 1466 1024 1545 βλεπέτωσαν,

294 1593 348 1658 καὶ
370 1592 413 1658 τὰ
432 1592 587 1680 βλέφαρα
609 1593 722 1658 υευέτω
745 1594 788 1658 τά
812 1592 930 1660 δίκαια

205 1718 264 1785 Ἐν
285 1719 440 1792 ἀκάνθαις
462 1720 587 1808 φράξον
609 1721 651 1786 τά
674 1719 742 1786 ὦτά
762 1747 828 1804 μοι,

292 1845 349 1913 τοῦ
370 1847 416 1930 μὴ
435 1815 609 1935 προσέχειν
631 1853 696 1917 τοῖς
717 1847 826 1929 λόγοις
849 1846 1063 1918 ἀπαιδεύτοις.

378 1975 422 2041 Τὸ
443 1975 531 2063 πρωῒ
550 1975 693 2063 πρόσθες
714 2001 771 2058 μοι
792 1975 829 2042 τό
851 1975 944 2042 ὠτίον
965 1980 1021 2044 τοῦ
1040 1976 1172 2052 ἀκούειν,

303 2175 305 2178 ,
379 2105 445 2168 Καὶ
467 2106 507 2188 τῇ
530 2103 661 2192 παιδεία
682 2106 745 2169 τῶν
766 2103 885 2185 λογίων
907 2104 1016 2188 ἄνοιγε
1038 2105 1082 2171 τὰ
1102 2103 1171 2171 ὦτά
1190 2129 1257 2188 μοι.

206 2237 283 2309 Θοΰ,
307 2232 417 2320 Κύριε,
433 2229 583 2316 φυλακήν
605 2234 651 2318 τῷ
669 2230 822 2315 στόματι,

247 2360 356 2448 Θύραν
377 2361 532 2446 περιοχῆς
553 2358 685 2446 περὶτὰ
707 2357 806 2446 χείλη
827 2386 897 2441 μου.

418 2489 460 2553 Ὁ
482 2491 578 2571 λόγος
599 2515 661 2571 μου
684 2488 783 2555 ἀλατι
805 2488 977 2577 ἠρτυμένος
999 2488 1092 2564 ἔστω,

411 2615 485 2681 Ἵνα
507 2616 551 2704 δῷ
572 2615 672 2703 χάριν
694 2620 760 2685 τοῖς
783 2613 947 2680 ἀκούουσι

202 2742 316 2822 Μηδέν
336 2768 391 2825 μοι
413 2743 506 2829 ἔργον
527 2742 670 2825 γενέσθω
692 2743 736 2812 εἰς
757 2740 891 2825 λυγμὸν,
977 2746 979 2751 ’

245 2871 265 2953 ἢ
288 2870 333 2943 εἰς
354 2869 538 2936 σκάνδαλον
552 2868 693 2958 καρδίας.
713 2893 715 2897 ’

204 2996 351 3065 Γενέσθαι
375 2996 410 3062 δὲ
433 2997 526 3084 ἔργον
554 2997 595 3070 τὶ,
625 2996 701 3084 περὶ
733 2995 773 3062 ὀύ
802 2996 950 3082 μνησθῇς
977 3022 1049 3078 μου,
1077 2994 1186 3084 Κύριε,
1218 2997 1262 3068 εἰς

246 3124 466 3208 ἀγαθωσύνην,
484 3125 539 3190 καὶ
558 3125 675 3212 φεῖσαί
691 3151 755 3207 μου
775 3125 861 3190 κατά
880 3124 917 3191 τό
932 3123 1059 3207 πλῆθος
1077 3127 1134 3189 τοῦ
1153 3123 1262 3195 ἐλέους

246 3280 315 3319 σου.

201 3507 275 3575 ΕΙΣ
296 3507 407 3595 χεῖράς
429 3534 490 3573 σου
511 3509 744 3597 παραθήσομαι

244 3639 385 3718 Πνεῦμα,
408 3638 534 3724 ψυχὴν,
559 3637 653 3720 σῶμά
676 3663 748 3719 μου,

196 3763 363 3837 Ἔκτισας,
385 3762 582 3852 ἕλύτρωσας,
606 3763 817 3846 ἀνεγέννησας
839 3763 931 3838 αὐτὰ,

244 3890 343 3978 Κύριε
364 3889 380 3954 ὁ
404 3890 484 3960 Θεὸς
505 3894 562 3973 τῆς
584 3888 743 3971 ἀληθείας,

200 4018 267 4083 Καὶ
287 4015 356 4099 μετ’
381 4018 456 4100 ἐμοῦ
478 4018 550 4087 τούς
573 4018 664 4099 ἐμοὺς
685 4017 818 4091 πάντας,
834 4017 888 4081 καὶ
910 4017 952 4082 τά
975 4014 1036 4097 ε’μά
1059 4014 1176 4080 πάντα.

197 4146 364 4235 Ἐχαρίσω
386 4173 440 4228 μοι
462 4145 553 4220 αύτά,
578 4146 687 4232 Κύριε,
712 4146 746 4210 ἐν
767 4143 961 4227 ἀγαθωσύνῃ
984 4169 1055 4208 σου.

284 4274 437 4355 Φύλαξοιι
456 4273 539 4356 ἡμᾶς
561 4272 627 4338 ἀπὸ
650 4271 771 4341 παντός
794 4275 902 4346 κακοῦ,
