<?xml version="1.0" encoding="UTF-8"?>
<!DOCTYPE html PUBLIC "-//W3C//DTD XHTML 1.0 Transitional//EN"
    "http://www.w3.org/TR/xhtml1/DTD/xhtml1-transitional.dtd">
<html xmlns="http://www.w3.org/1999/xhtml" xml:lang="en" lang="en">
 <head>
  <title>
</title>
<meta http-equiv="Content-Type" content="text/html;charset=utf-8" />
  <meta name='ocr-system' content='tesseract 3.04.00' />
  <meta name='ocr-capabilities' content='ocr_page ocr_carea ocr_par ocr_line ocrx_word'/>
</head>
<body>
  <div class='ocr_page' id='page_1' title='image "./precesprivataeq00andrgoog_0395.png"; bbox 0 0 2910 5002; ppageno 0'>
   <div class='ocr_carea' id='block_1_1' title="bbox 141 428 983 499">
    <p class='ocr_par' dir='ltr' id='par_1_1' title="bbox 141 428 983 499">
     <span class='ocr_line' id='line_1_1' title="bbox 141 428 983 499; baseline -0.005 -1"><span class='ocrx_word' id='word_1_1' title='bbox 141 466 145 475; x_wconf 95' lang='lat'>·</span> <span class='ocrx_word' id='word_1_2' title='bbox 204 436 270 498; x_wconf 88' lang='grc'>368</span> <span class='ocrx_word' id='word_1_3' title='bbox 467 432 638 498; x_wconf 84' lang='lat' dir='ltr'>PRECES</span> <span class='ocrx_word' id='word_1_4' title='bbox 663 428 983 499; x_wconf 79' lang='lat' dir='ltr'><strong>QUOTIDIANAE.</strong></span> 
     </span>
    </p>
   </div>
   <div class='ocr_carea' id='block_1_2' title="bbox 197 593 1281 2591">
    <p class='ocr_par' dir='ltr' id='par_1_2' title="bbox 203 593 1281 813">
     <span class='ocr_line' id='line_1_2' title="bbox 203 593 1281 684; baseline -0.006 -17"><span class='ocrx_word' id='word_1_5' title='bbox 203 598 512 668; x_wconf 83' lang='grc' dir='ltr'><strong>ΣΑΜΑΡΕΙΤΩΝ.</strong></span> <span class='ocrx_word' id='word_1_6' title='bbox 546 596 629 666; x_wconf 90' lang='grc' dir='ltr'>Ὅτι</span> <span class='ocrx_word' id='word_1_7' title='bbox 650 595 741 668; x_wconf 89' lang='grc' dir='ltr'>οῦτός</span> <span class='ocrx_word' id='word_1_8' title='bbox 762 596 854 662; x_wconf 81' lang='grc' dir='ltr'>ἐστιν</span> <span class='ocrx_word' id='word_1_9' title='bbox 875 594 1005 677; x_wconf 75' lang='grc' dir='ltr'>ἀληθοῦς</span> <span class='ocrx_word' id='word_1_10' title='bbox 1025 593 1045 663; x_wconf 86' lang='grc' dir='ltr'>ό</span> <span class='ocrx_word' id='word_1_11' title='bbox 1066 594 1189 684; x_wconf 72' lang='grc' dir='ltr'>Σωτὴρ</span> <span class='ocrx_word' id='word_1_12' title='bbox 1213 595 1281 660; x_wconf 86' lang='grc' dir='ltr'>τοῦ</span> 
     </span>
     <span class='ocr_line' id='line_1_3' title="bbox 289 724 862 813; baseline -0.002 -21"><span class='ocrx_word' id='word_1_13' title='bbox 289 725 413 810; x_wconf 80' lang='grc' dir='ltr'>κόσμον</span> <span class='ocrx_word' id='word_1_14' title='bbox 435 724 452 790; x_wconf 91' lang='grc' dir='ltr'>ό</span> <span class='ocrx_word' id='word_1_15' title='bbox 473 724 624 813; x_wconf 90' lang='grc' dir='ltr'>Χριστός.</span> <span class='ocrx_word' id='word_1_16' title='bbox 669 727 721 792; x_wconf 88' lang='lat' dir='ltr'>Jo.</span> <span class='ocrx_word' id='word_1_17' title='bbox 744 727 785 792; x_wconf 80' lang='lat' dir='ltr'>iv.</span> <span class='ocrx_word' id='word_1_18' title='bbox 808 729 862 792; x_wconf 81' lang='lat'>42.</span> 
     </span>
    </p>

    <p class='ocr_par' dir='ltr' id='par_1_3' title="bbox 203 846 1277 1069">
     <span class='ocr_line' id='line_1_4' title="bbox 203 846 1277 940; baseline -0.006 -19"><span class='ocrx_word' id='word_1_19' title='bbox 203 851 401 922; x_wconf 84' lang='grc' dir='ltr'><strong>ΜΑΡΘΑΣ.</strong></span> <span class='ocrx_word' id='word_1_20' title='bbox 437 849 522 918; x_wconf 98' lang='grc' dir='ltr'>Ὅτι</span> <span class='ocrx_word' id='word_1_21' title='bbox 551 852 597 922; x_wconf 86' lang='grc' dir='ltr'>Σι)</span> <span class='ocrx_word' id='word_1_22' title='bbox 619 851 649 918; x_wconf 77' lang='grc' dir='ltr'>εί</span> <span class='ocrx_word' id='word_1_23' title='bbox 669 850 686 919; x_wconf 93' lang='grc' dir='ltr'>ό</span> <span class='ocrx_word' id='word_1_24' title='bbox 709 850 902 940; x_wconf 86' lang='grc' dir='ltr'>Χριστός,ό</span> <span class='ocrx_word' id='word_1_25' title='bbox 930 850 1007 924; x_wconf 82' lang='grc' dir='ltr'>Τίός</span> <span class='ocrx_word' id='word_1_26' title='bbox 1034 854 1091 918; x_wconf 93' lang='grc' dir='ltr'>τοῦ</span> <span class='ocrx_word' id='word_1_27' title='bbox 1120 852 1227 930; x_wconf 82' lang='grc' dir='ltr'>Θεοῦ,</span> <span class='ocrx_word' id='word_1_28' title='bbox 1256 846 1277 913; x_wconf 87' lang='grc' dir='ltr'>ό</span> 
     </span>
     <span class='ocr_line' id='line_1_5' title="bbox 289 979 989 1069; baseline -0.004 -21"><span class='ocrx_word' id='word_1_29' title='bbox 289 982 334 1053; x_wconf 78' lang='grc' dir='ltr'>εἰς</span> <span class='ocrx_word' id='word_1_30' title='bbox 355 981 411 1048; x_wconf 87' lang='grc' dir='ltr'>τόν</span> <span class='ocrx_word' id='word_1_31' title='bbox 431 980 553 1065; x_wconf 80' lang='grc' dir='ltr'>κόσμον</span> <span class='ocrx_word' id='word_1_32' title='bbox 575 979 753 1069; x_wconf 71' lang='grc' dir='ltr'>ἐρχόμενος.</span> <span class='ocrx_word' id='word_1_33' title='bbox 797 983 848 1046; x_wconf 89' lang='lat' dir='ltr'>Jo.</span> <span class='ocrx_word' id='word_1_34' title='bbox 870 981 912 1046; x_wconf 83' lang='lat' dir='ltr'>xi.</span> <span class='ocrx_word' id='word_1_35' title='bbox 935 983 989 1047; x_wconf 79' lang='lat'>2⁷.</span> 
     </span>
    </p>

    <p class='ocr_par' dir='ltr' id='par_1_4' title="bbox 203 1103 1278 1320">
     <span class='ocr_line' id='line_1_6' title="bbox 203 1103 1278 1185; baseline -0.007 -11"><span class='ocrx_word' id='word_1_36' title='bbox 203 1110 462 1174; x_wconf 76' lang='lat' dir='ltr'><strong>ETNOTXOT.</strong></span> <span class='ocrx_word' id='word_1_37' title='bbox 520 1108 584 1173; x_wconf 86' lang='grc' dir='ltr'>Τόν</span> <span class='ocrx_word' id='word_1_38' title='bbox 613 1105 693 1173; x_wconf 73' lang='grc' dir='ltr'>Τι’όν</span> <span class='ocrx_word' id='word_1_39' title='bbox 721 1110 794 1174; x_wconf 75' lang='grc' dir='ltr'>τοῦ.</span> <span class='ocrx_word' id='word_1_40' title='bbox 811 1108 896 1174; x_wconf 87' lang='grc' dir='ltr'>Θεοῦ</span> <span class='ocrx_word' id='word_1_41' title='bbox 921 1104 1010 1183; x_wconf 74' lang='grc' dir='ltr'>εἶναι</span> <span class='ocrx_word' id='word_1_42' title='bbox 1042 1104 1099 1173; x_wconf 82' lang='grc' dir='ltr'>τὸν</span> <span class='ocrx_word' id='word_1_43' title='bbox 1130 1103 1278 1185; x_wconf 87' lang='grc' dir='ltr'>Ἰησοῦν</span> 
     </span>
     <span class='ocr_line' id='line_1_7' title="bbox 290 1231 813 1320; baseline -0.002 -22"><span class='ocrx_word' id='word_1_44' title='bbox 290 1231 445 1320; x_wconf 85' lang='grc' dir='ltr'>Χριστόν.</span> <span class='ocrx_word' id='word_1_45' title='bbox 489 1233 563 1297; x_wconf 80' lang='lat' dir='ltr'>Act.</span> <span class='ocrx_word' id='word_1_46' title='bbox 587 1232 652 1296; x_wconf 82' lang='lat' dir='ltr'><strong>viii.</strong></span> <span class='ocrx_word' id='word_1_47' title='bbox 675 1234 759 1297; x_wconf 82' lang='grc'>37.“</span> <span class='ocrx_word' id='word_1_48' title='bbox 809 1282 813 1287; x_wconf 91' lang='grc'>-</span> 
     </span>
    </p>

    <p class='ocr_par' dir='ltr' id='par_1_5' title="bbox 203 1354 1275 1697">
     <span class='ocr_line' id='line_1_8' title="bbox 203 1354 1275 1431; baseline -0.007 -2"><span class='ocrx_word' id='word_1_49' title='bbox 203 1361 420 1431; x_wconf 76' lang='grc' dir='ltr'>ΣΤΝΟΔΟΤ</span> <span class='ocrx_word' id='word_1_50' title='bbox 452 1361 547 1424; x_wconf 86' lang='grc' dir='ltr'>ΤΩΝ</span> <span class='ocrx_word' id='word_1_51' title='bbox 578 1358 863 1429; x_wconf 82' lang='grc' dir='ltr'>ΑΠΟΣΤΟΛΩΝ</span> <span class='ocrx_word' id='word_1_52' title='bbox 895 1359 975 1425; x_wconf 82' lang='grc' dir='ltr'>ΚΑΙ</span> <span class='ocrx_word' id='word_1_53' title='bbox 1005 1354 1275 1423; x_wconf 69' lang='grc' dir='ltr'>ΠΡΕΣΒΤΓΕ·</span> 
     </span>
     <span class='ocr_line' id='line_1_9' title="bbox 289 1485 1273 1576; baseline -0.003 -23"><span class='ocrx_word' id='word_1_54' title='bbox 289 1490 392 1553; x_wconf 85' lang='grc' dir='ltr'>ΡΩΝ.</span> <span class='ocrx_word' id='word_1_55' title='bbox 452 1486 519 1553; x_wconf 81' lang='grc' dir='ltr'>Διό</span> <span class='ocrx_word' id='word_1_56' title='bbox 554 1488 611 1569; x_wconf 75' lang='grc' dir='ltr'>τῆς</span> <span class='ocrx_word' id='word_1_57' title='bbox 640 1485 773 1576; x_wconf 78' lang='grc' dir='ltr'>χάριτος</span> <span class='ocrx_word' id='word_1_58' title='bbox 802 1486 913 1569; x_wconf 89' lang='grc' dir='ltr'>Ἰησοῦ</span> <span class='ocrx_word' id='word_1_59' title='bbox 949 1489 1097 1575; x_wconf 84' lang='grc' dir='ltr'>Χριστοῦ</span> <span class='ocrx_word' id='word_1_60' title='bbox 1133 1486 1273 1573; x_wconf 84' lang='grc' dir='ltr'>Κυρίου</span> 
     </span>
     <span class='ocr_line' id='line_1_10' title="bbox 288 1613 967 1697; baseline 0 -16"><span class='ocrx_word' id='word_1_61' title='bbox 288 1613 485 1697; x_wconf 89' lang='grc' dir='ltr'>πιστεῦομεν</span> <span class='ocrx_word' id='word_1_62' title='bbox 506 1614 659 1696; x_wconf 78' lang='grc' dir='ltr'>σωθῆναι.</span> <span class='ocrx_word' id='word_1_63' title='bbox 704 1616 778 1680; x_wconf 79' lang='lat' dir='ltr'>Act.</span> <span class='ocrx_word' id='word_1_64' title='bbox 801 1637 852 1681; x_wconf 86' lang='lat' dir='ltr'>xv.</span> <span class='ocrx_word' id='word_1_65' title='bbox 877 1618 930 1681; x_wconf 92' lang='grc'>11.</span> <span class='ocrx_word' id='word_1_66' title='bbox 963 1656 967 1661; x_wconf 93' lang='grc'><strong>-</strong></span> 
     </span>
    </p>

    <p class='ocr_par' dir='ltr' id='par_1_6' title="bbox 205 1739 1270 1955">
     <span class='ocr_line' id='line_1_11' title="bbox 205 1739 1270 1827; baseline -0.002 -22"><span class='ocrx_word' id='word_1_67' title='bbox 205 1741 438 1805; x_wconf 76' lang='grc' dir='ltr'>ἈΝΔΡΕΟΤ.</span> <span class='ocrx_word' id='word_1_68' title='bbox 485 1741 615 1827; x_wconf 85' lang='grc' dir='ltr'>Εῦρηιιο</span> <span class='ocrx_word' id='word_1_69' title='bbox 643 1740 701 1807; x_wconf 87' lang='grc' dir='ltr'>τόν</span> <span class='ocrx_word' id='word_1_70' title='bbox 720 1743 885 1818; x_wconf 95' lang='grc' dir='ltr'>Μεσσίαν,</span> <span class='ocrx_word' id='word_1_71' title='bbox 908 1740 925 1809; x_wconf 91' lang='grc' dir='ltr'>ό</span> <span class='ocrx_word' id='word_1_72' title='bbox 946 1742 1019 1808; x_wconf 82' lang='grc' dir='ltr'>ἐστι</span> <span class='ocrx_word' id='word_1_73' title='bbox 1046 1739 1270 1827; x_wconf 86' lang='grc' dir='ltr'>μεθερμηνευ-</span> 
     </span>
     <span class='ocr_line' id='line_1_12' title="bbox 292 1865 833 1955; baseline 0.006 -24"><span class='ocrx_word' id='word_1_74' title='bbox 292 1866 404 1950; x_wconf 92' lang='grc' dir='ltr'>όμενον</span> <span class='ocrx_word' id='word_1_75' title='bbox 425 1865 442 1932; x_wconf 90' lang='grc' dir='ltr'>ό</span> <span class='ocrx_word' id='word_1_76' title='bbox 467 1866 617 1955; x_wconf 86' lang='grc' dir='ltr'>Χριστός.</span> <span class='ocrx_word' id='word_1_77' title='bbox 661 1870 713 1934; x_wconf 78' lang='lat' dir='ltr'>Jo.</span> <span class='ocrx_word' id='word_1_78' title='bbox 735 1870 756 1934; x_wconf 81' lang='lat' dir='ltr'>i.</span> <span class='ocrx_word' id='word_1_79' title='bbox 779 1871 833 1935; x_wconf 86' lang='lat'>41.</span> 
     </span>
    </p>

    <p class='ocr_par' dir='ltr' id='par_1_7' title="bbox 215 1993 1267 2312">
     <span class='ocr_line' id='line_1_13' title="bbox 215 1993 1267 2085; baseline 0.001 -26"><span class='ocrx_word' id='word_1_80' title='bbox 215 1996 326 2085; x_wconf 53' lang='lat' dir='ltr'>Hm&amp;</span> <span class='ocrx_word' id='word_1_81' title='bbox 339 1993 383 2065; x_wconf 73' lang='grc' dir='ltr'>εἰς</span> <span class='ocrx_word' id='word_1_82' title='bbox 403 1994 549 2082; x_wconf 81' lang='grc' dir='ltr'>Χριστόν</span> <span class='ocrx_word' id='word_1_83' title='bbox 565 1993 695 2075; x_wconf 86' lang='grc' dir='ltr'>Ἰησοῦν</span> <span class='ocrx_word' id='word_1_84' title='bbox 709 1996 957 2080; x_wconf 79' lang='grc' dir='ltr'>ἐπιστεύσαμεν,</span> <span class='ocrx_word' id='word_1_85' title='bbox 974 1996 1026 2063; x_wconf 78' lang='grc' dir='ltr'>ἵνα</span> <span class='ocrx_word' id='word_1_86' title='bbox 1039 1993 1267 2077; x_wconf 78' lang='grc' dir='ltr'>δικαιωθῶμεν</span> 
     </span>
     <span class='ocr_line' id='line_1_14' title="bbox 292 2118 1262 2212; baseline 0 -28"><span class='ocrx_word' id='word_1_87' title='bbox 292 2120 328 2185; x_wconf 85' lang='grc' dir='ltr'>εἰι</span> <span class='ocrx_word' id='word_1_88' title='bbox 349 2118 489 2189; x_wconf 84' lang='grc' dir='ltr'>πίστεως</span> <span class='ocrx_word' id='word_1_89' title='bbox 510 2122 665 2207; x_wconf 84' lang='grc' dir='ltr'>Χριστοῦ,</span> <span class='ocrx_word' id='word_1_90' title='bbox 689 2123 744 2188; x_wconf 81' lang='grc' dir='ltr'>καὶ</span> <span class='ocrx_word' id='word_1_91' title='bbox 766 2122 824 2189; x_wconf 85' lang='grc' dir='ltr'>οῦιι</span> <span class='ocrx_word' id='word_1_92' title='bbox 846 2125 885 2207; x_wconf 80' lang='grc' dir='ltr'>ἐξ</span> <span class='ocrx_word' id='word_1_93' title='bbox 905 2124 1008 2212; x_wconf 70' lang='grc' dir='ltr'>ἔργον</span> <span class='ocrx_word' id='word_1_94' title='bbox 1029 2120 1136 2204; x_wconf 92' lang='grc' dir='ltr'>νόμου.</span> <span class='ocrx_word' id='word_1_95' title='bbox 1184 2123 1262 2185; x_wconf 74' lang='lat' dir='ltr'>Gal.</span> 
     </span>
     <span class='ocr_line' id='line_1_15' title="bbox 291 2247 400 2312; baseline -0.018 -1"><span class='ocrx_word' id='word_1_96' title='bbox 291 2247 324 2311; x_wconf 86' lang='lat' dir='ltr'>ii.</span> <span class='ocrx_word' id='word_1_97' title='bbox 350 2250 400 2312; x_wconf 88' lang='grc'>16.</span> 
     </span>
    </p>

    <p class='ocr_par' dir='ltr' id='par_1_8' title="bbox 197 2372 1266 2591">
     <span class='ocr_line' id='line_1_16' title="bbox 197 2372 1266 2466; baseline 0.008 -28"><span class='ocrx_word' id='word_1_98' title='bbox 197 2373 279 2439; x_wconf 90' lang='grc' dir='ltr'>Ὅτι</span> <span class='ocrx_word' id='word_1_99' title='bbox 294 2373 338 2444; x_wconf 78' lang='grc' dir='ltr'>εἷς</span> <span class='ocrx_word' id='word_1_100' title='bbox 353 2372 442 2448; x_wconf 81' lang='grc' dir='ltr'>Θεὸς,</span> <span class='ocrx_word' id='word_1_101' title='bbox 459 2372 503 2444; x_wconf 81' lang='grc' dir='ltr'>είς</span> <span class='ocrx_word' id='word_1_102' title='bbox 516 2375 571 2441; x_wconf 79' lang='grc' dir='ltr'>καὶ</span> <span class='ocrx_word' id='word_1_103' title='bbox 584 2375 717 2459; x_wconf 78' lang='grc' dir='ltr'>μεσίτης</span> <span class='ocrx_word' id='word_1_104' title='bbox 737 2379 822 2444; x_wconf 86' lang='grc' dir='ltr'>Θεοῦ</span> <span class='ocrx_word' id='word_1_105' title='bbox 843 2378 898 2445; x_wconf 77' lang='grc' dir='ltr'>καὶ</span> <span class='ocrx_word' id='word_1_106' title='bbox 918 2376 1095 2466; x_wconf 80' lang='grc' dir='ltr'>ἀνθρώπων</span> <span class='ocrx_word' id='word_1_107' title='bbox 1113 2377 1266 2466; x_wconf 84' lang='grc' dir='ltr'>Χριστός</span> 
     </span>
     <span class='ocr_line' id='line_1_17' title="bbox 290 2499 1260 2591; baseline 0.006 -26"><span class='ocrx_word' id='word_1_108' title='bbox 290 2499 425 2580; x_wconf 90' lang='grc' dir='ltr'>Ἰησοῦς,</span> <span class='ocrx_word' id='word_1_109' title='bbox 455 2500 473 2565; x_wconf 92' lang='grc' dir='ltr'>ὁ</span> <span class='ocrx_word' id='word_1_110' title='bbox 502 2500 573 2573; x_wconf 81' lang='grc' dir='ltr'>δοῦς</span> <span class='ocrx_word' id='word_1_111' title='bbox 595 2502 708 2569; x_wconf 83' lang='grc' dir='ltr'>ἔαυτόν</span> <span class='ocrx_word' id='word_1_112' title='bbox 729 2504 919 2591; x_wconf 80' lang='grc' dir='ltr'>ἀντίλυτρον</span> <span class='ocrx_word' id='word_1_113' title='bbox 947 2505 1029 2589; x_wconf 87' lang='grc' dir='ltr'>ῦπὲρ</span> <span class='ocrx_word' id='word_1_114' title='bbox 1049 2505 1189 2573; x_wconf 86' lang='grc' dir='ltr'>πόντων.</span> <span class='ocrx_word' id='word_1_115' title='bbox 1243 2508 1260 2571; x_wconf 97' lang='lat' dir='ltr'>l</span> 
     </span>
    </p>
   </div>
   <div class='ocr_carea' id='block_1_3' title="bbox 295 2631 535 2711">
    <p class='ocr_par' dir='ltr' id='par_1_9' title="bbox 295 2631 535 2711">
     <span class='ocr_line' id='line_1_18' title="bbox 295 2631 535 2711; baseline 0.008 -18"><span class='ocrx_word' id='word_1_116' title='bbox 295 2632 371 2695; x_wconf 68' lang='lat' dir='ltr'>vem.</span> <span class='ocrx_word' id='word_1_117' title='bbox 394 2631 426 2694; x_wconf 86' lang='lat' dir='ltr'>ii.</span> <span class='ocrx_word' id='word_1_118' title='bbox 451 2634 482 2711; x_wconf 84' lang='grc' dir='ltr'>ό,</span> <span class='ocrx_word' id='word_1_119' title='bbox 505 2633 535 2695; x_wconf 91' lang='lat'>6.</span> 
     </span>
    </p>
   </div>
   <div class='ocr_carea' id='block_1_4' title="bbox 196 2755 1265 2850">
    <p class='ocr_par' dir='ltr' id='par_1_10' title="bbox 196 2755 1265 2850">
     <span class='ocr_line' id='line_1_19' title="bbox 196 2755 1265 2850; baseline 0.007 -28"><span class='ocrx_word' id='word_1_120' title='bbox 196 2757 279 2822; x_wconf 86' lang='grc' dir='ltr'>Ὅτι</span> <span class='ocrx_word' id='word_1_121' title='bbox 311 2755 331 2839; x_wconf 83' lang='grc' dir='ltr'><em>ἦ</em></span> <span class='ocrx_word' id='word_1_122' title='bbox 362 2756 472 2826; x_wconf 89' lang='grc' dir='ltr'>πίστις</span> <span class='ocrx_word' id='word_1_123' title='bbox 502 2764 649 2847; x_wconf 85' lang='grc' dir='ltr'>συνεργεῖ</span> <span class='ocrx_word' id='word_1_124' title='bbox 679 2766 744 2831; x_wconf 86' lang='grc' dir='ltr'>τοῖς</span> <span class='ocrx_word' id='word_1_125' title='bbox 776 2762 887 2850; x_wconf 70' lang='grc' dir='ltr'>ἔργοις,</span> <span class='ocrx_word' id='word_1_126' title='bbox 920 2763 974 2829; x_wconf 79' lang='grc' dir='ltr'>καὶ</span> <span class='ocrx_word' id='word_1_127' title='bbox 1000 2763 1038 2829; x_wconf 81' lang='grc' dir='ltr'>ἐκ</span> <span class='ocrx_word' id='word_1_128' title='bbox 1064 2766 1127 2829; x_wconf 81' lang='grc' dir='ltr'>τῶν</span> <span class='ocrx_word' id='word_1_129' title='bbox 1156 2760 1265 2850; x_wconf 77' lang='grc' dir='ltr'>ἔργων</span> 
     </span>
    </p>
   </div>
   <div class='ocr_carea' id='block_1_5' title="bbox 290 2889 728 2958">
    <p class='ocr_par' dir='ltr' id='par_1_11' title="bbox 290 2889 728 2958">
     <span class='ocr_line' id='line_1_20' title="bbox 290 2889 728 2958; baseline 0.007 -4"><span class='ocrx_word' id='word_1_130' title='bbox 290 2889 477 2954; x_wconf 85' lang='grc' dir='ltr'>τελειοῦται.</span> <span class='ocrx_word' id='word_1_131' title='bbox 521 2890 592 2954; x_wconf 82' lang='lat' dir='ltr'>Jac.</span> <span class='ocrx_word' id='word_1_132' title='bbox 616 2891 649 2954; x_wconf 90' lang='lat' dir='ltr'>ii.</span> <span class='ocrx_word' id='word_1_133' title='bbox 673 2894 728 2958; x_wconf 83' lang='grc'>22.</span> 
     </span>
    </p>
   </div>
   <div class='ocr_carea' id='block_1_6' title="bbox 635 3135 826 3186">
    <p class='ocr_par' dir='ltr' id='par_1_12' title="bbox 635 3135 826 3186">
     <span class='ocr_line' id='line_1_21' title="bbox 635 3135 826 3186; baseline 0.021 -4"><span class='ocrx_word' id='word_1_134' title='bbox 635 3135 826 3186; x_wconf 75' lang='grc' dir='ltr'>ΒΟΧΟΙιΟΟΙΔ.</span> 
     </span>
    </p>
   </div>
   <div class='ocr_carea' id='block_1_7' title="bbox 203 3271 1262 4352">
    <p class='ocr_par' dir='ltr' id='par_1_13' title="bbox 203 3271 1262 4352">
     <span class='ocr_line' id='line_1_22' title="bbox 205 3271 928 3361; baseline 0.003 -23"><span class='ocrx_word' id='word_1_135' title='bbox 205 3271 296 3355; x_wconf 79' lang='grc' dir='ltr'>Δόξα</span> <span class='ocrx_word' id='word_1_136' title='bbox 317 3271 351 3336; x_wconf 85' lang='grc' dir='ltr'>ἐν</span> <span class='ocrx_word' id='word_1_137' title='bbox 371 3271 528 3359; x_wconf 72' lang='grc' dir='ltr'>ὑψίστοις</span> <span class='ocrx_word' id='word_1_138' title='bbox 550 3274 632 3360; x_wconf 74' lang='grc' dir='ltr'>Θεῷ,</span> <span class='ocrx_word' id='word_1_139' title='bbox 656 3271 711 3338; x_wconf 74' lang='grc' dir='ltr'>ἐπὶ</span> <span class='ocrx_word' id='word_1_140' title='bbox 731 3276 791 3356; x_wconf 69' lang='grc' dir='ltr'>γῆς</span> <span class='ocrx_word' id='word_1_141' title='bbox 813 3272 928 3361; x_wconf 81' lang='grc' dir='ltr'>εἰρήνη,</span> 
     </span>
     <span class='ocr_line' id='line_1_23' title="bbox 290 3396 933 3486; baseline 0.005 -23"><span class='ocrx_word' id='word_1_142' title='bbox 290 3399 326 3463; x_wconf 81' lang='grc' dir='ltr'>ἐν</span> <span class='ocrx_word' id='word_1_143' title='bbox 347 3396 525 3486; x_wconf 77' lang='grc' dir='ltr'>ἀνθρώποις</span> <span class='ocrx_word' id='word_1_144' title='bbox 546 3396 679 3466; x_wconf 79' lang='grc' dir='ltr'>εὐδοκία.</span> <span class='ocrx_word' id='word_1_145' title='bbox 724 3402 801 3466; x_wconf 75' lang='lat' dir='ltr'>Duc.</span> <span class='ocrx_word' id='word_1_146' title='bbox 824 3403 856 3466; x_wconf 91' lang='lat' dir='ltr'>ii.</span> <span class='ocrx_word' id='word_1_147' title='bbox 883 3406 933 3468; x_wconf 82' lang='lat'>14.</span> 
     </span>
     <span class='ocr_line' id='line_1_24' title="bbox 203 3523 921 3613; baseline 0.006 -23"><span class='ocrx_word' id='word_1_148' title='bbox 203 3523 350 3591; x_wconf 82' lang='grc' dir='ltr'>Ὡσαννὰ</span> <span class='ocrx_word' id='word_1_149' title='bbox 370 3529 415 3613; x_wconf 73' lang='grc' dir='ltr'>τῷ</span> <span class='ocrx_word' id='word_1_150' title='bbox 435 3524 503 3613; x_wconf 61' lang='lat' dir='ltr'>m</span> <span class='ocrx_word' id='word_1_151' title='bbox 524 3523 641 3605; x_wconf 79' lang='grc' dir='ltr'>Δαβίό.</span> <span class='ocrx_word' id='word_1_152' title='bbox 687 3527 782 3594; x_wconf 84' lang='lat' dir='ltr'><em>Matt.</em></span> <span class='ocrx_word' id='word_1_153' title='bbox 805 3530 867 3594; x_wconf 77' lang='lat' dir='ltr'><strong>xxi.</strong></span> <span class='ocrx_word' id='word_1_154' title='bbox 890 3532 921 3594; x_wconf 90' lang='grc'>9.</span> 
     </span>
     <span class='ocr_line' id='line_1_25' title="bbox 205 3651 867 3743; baseline 0.005 -25"><span class='ocrx_word' id='word_1_155' title='bbox 205 3651 428 3738; x_wconf 71' lang='grc' dir='ltr'>Εῦλογημίυος</span> <span class='ocrx_word' id='word_1_156' title='bbox 449 3652 466 3719; x_wconf 89' lang='grc' dir='ltr'>ό</span> <span class='ocrx_word' id='word_1_157' title='bbox 489 3652 659 3743; x_wconf 85' lang='grc' dir='ltr'>ἐρχόμενος</span> <span class='ocrx_word' id='word_1_158' title='bbox 680 3654 714 3720; x_wconf 76' lang='grc' dir='ltr'>ἐν</span> <span class='ocrx_word' id='word_1_159' title='bbox 734 3653 867 3738; x_wconf 84' lang='grc' dir='ltr'>ὀνόματι</span> 
     </span>
     <span class='ocr_line' id='line_1_26' title="bbox 293 3778 1136 3869; baseline 0.002 -25"><span class='ocrx_word' id='word_1_160' title='bbox 293 3778 423 3868; x_wconf 88' lang='grc' dir='ltr'>Κυρίου,</span> <span class='ocrx_word' id='word_1_161' title='bbox 445 3779 462 3846; x_wconf 90' lang='grc' dir='ltr'>ό</span> <span class='ocrx_word' id='word_1_162' title='bbox 484 3778 646 3851; x_wconf 79' lang='grc' dir='ltr'>Βασιλεῦς</span> <span class='ocrx_word' id='word_1_163' title='bbox 667 3783 723 3846; x_wconf 86' lang='grc' dir='ltr'>τοῦ</span> <span class='ocrx_word' id='word_1_164' title='bbox 744 3779 888 3869; x_wconf 69' lang='grc' dir='ltr'>Ἰσραήλ.</span> <span class='ocrx_word' id='word_1_165' title='bbox 932 3782 982 3847; x_wconf 88' lang='lat' dir='ltr'>Jo.</span> <span class='ocrx_word' id='word_1_166' title='bbox 1007 3782 1060 3846; x_wconf 84' lang='lat' dir='ltr'><strong>xii.</strong></span> <span class='ocrx_word' id='word_1_167' title='bbox 1086 3783 1136 3847; x_wconf 87' lang='grc'>13.</span> 
     </span>
     <span class='ocr_line' id='line_1_27' title="bbox 206 3904 1228 3995; baseline 0.003 -25"><span class='ocrx_word' id='word_1_168' title='bbox 206 3904 325 3989; x_wconf 80' lang='grc' dir='ltr'>Εἰρήνη</span> <span class='ocrx_word' id='word_1_169' title='bbox 347 3906 381 3971; x_wconf 81' lang='grc' dir='ltr'>ἐν</span> <span class='ocrx_word' id='word_1_170' title='bbox 403 3905 524 3995; x_wconf 82' lang='grc' dir='ltr'>οῦρανῷ</span> <span class='ocrx_word' id='word_1_171' title='bbox 545 3906 601 3973; x_wconf 78' lang='grc' dir='ltr'>καὶ</span> <span class='ocrx_word' id='word_1_172' title='bbox 622 3905 700 3990; x_wconf 74' lang='grc' dir='ltr'>δόξα</span> <span class='ocrx_word' id='word_1_173' title='bbox 720 3906 756 3973; x_wconf 82' lang='grc' dir='ltr'>ἕν</span> <span class='ocrx_word' id='word_1_174' title='bbox 776 3906 940 3995; x_wconf 81' lang='grc' dir='ltr'>ὑψίστοις.</span> <span class='ocrx_word' id='word_1_175' title='bbox 986 3912 1064 3976; x_wconf 75' lang='lat' dir='ltr'>Luc.</span> <span class='ocrx_word' id='word_1_176' title='bbox 1088 3910 1151 3974; x_wconf 83' lang='lat' dir='ltr'><strong>xix.</strong></span> <span class='ocrx_word' id='word_1_177' title='bbox 1174 3910 1228 3973; x_wconf 87' lang='grc'>38.</span> 
     </span>
     <span class='ocr_line' id='line_1_28' title="bbox 205 4031 1262 4125; baseline 0.006 -30"><span class='ocrx_word' id='word_1_178' title='bbox 205 4031 413 4116; x_wconf 77' lang='grc' dir='ltr'>Εὐλογημένη</span> <span class='ocrx_word' id='word_1_179' title='bbox 435 4034 455 4116; x_wconf 86' lang='grc' dir='ltr'><em>ἡ</em></span> <span class='ocrx_word' id='word_1_180' title='bbox 478 4032 633 4121; x_wconf 73' lang='grc' dir='ltr'>ἐρχομένη</span> <span class='ocrx_word' id='word_1_181' title='bbox 658 4036 818 4114; x_wconf 83' lang='grc' dir='ltr'>βασιλεία</span> <span class='ocrx_word' id='word_1_182' title='bbox 838 4034 874 4102; x_wconf 79' lang='grc' dir='ltr'>ἒν</span> <span class='ocrx_word' id='word_1_183' title='bbox 895 4034 1028 4120; x_wconf 84' lang='grc' dir='ltr'>ὀνόματι</span> <span class='ocrx_word' id='word_1_184' title='bbox 1052 4036 1173 4125; x_wconf 86' lang='grc' dir='ltr'>Κυρίου</span> <span class='ocrx_word' id='word_1_185' title='bbox 1202 4038 1262 4102; x_wconf 94' lang='grc' dir='ltr'>τοῦ</span> 
     </span>
     <span class='ocr_line' id='line_1_29' title="bbox 291 4158 1260 4251; baseline 0.006 -28"><span class='ocrx_word' id='word_1_186' title='bbox 291 4158 412 4246; x_wconf 83' lang='grc' dir='ltr'>πατρός</span> <span class='ocrx_word' id='word_1_187' title='bbox 444 4159 534 4243; x_wconf 77' lang='grc' dir='ltr'>ἡμῶν</span> <span class='ocrx_word' id='word_1_188' title='bbox 565 4160 685 4237; x_wconf 71' lang='grc' dir='ltr'>Δοβιῦ.</span> <span class='ocrx_word' id='word_1_189' title='bbox 735 4162 882 4231; x_wconf 78' lang='grc' dir='ltr'>Ὡσαννὰ</span> <span class='ocrx_word' id='word_1_190' title='bbox 920 4162 955 4231; x_wconf 77' lang='grc' dir='ltr'>ἐν</span> <span class='ocrx_word' id='word_1_191' title='bbox 990 4168 1059 4235; x_wconf 80' lang='grc' dir='ltr'>τοῖς</span> <span class='ocrx_word' id='word_1_192' title='bbox 1092 4162 1260 4251; x_wconf 77' lang='grc' dir='ltr'>ὑψίστοις.</span> 
     </span>
     <span class='ocr_line' id='line_1_30' title="bbox 292 4288 520 4352; baseline -0.004 -1"><span class='ocrx_word' id='word_1_193' title='bbox 292 4288 378 4351; x_wconf 84' lang='lat' dir='ltr'>Mar.</span> <span class='ocrx_word' id='word_1_194' title='bbox 403 4288 444 4352; x_wconf 85' lang='lat' dir='ltr'>xi.</span> <span class='ocrx_word' id='word_1_195' title='bbox 471 4289 520 4351; x_wconf 93' lang='lat'>10.</span> 
     </span>
    </p>
   </div>
   <div class='ocr_carea' id='block_1_8' title="bbox 0 0 1460 5002">
    <p class='ocr_par' dir='ltr' id='par_1_14' title="bbox 0 0 1460 5002">
     <span class='ocr_line' id='line_1_31' title="bbox 0 0 1460 5002; baseline 0 0"><span class='ocrx_word' id='word_1_196' title='bbox 0 0 1460 5002; x_wconf 95' lang='lat' dir='ltr'> </span> 
     </span>
    </p>
   </div>
  </div>
 </body>
</html>
