2910 5002
474 444 643 507 PRECES
669 443 986 510 QUOTIDIANAE.
1193 451 1258 516 339

290 611 424 693 Propter
446 610 580 693 gloriam
602 612 752 691 nominis,
798 615 885 678 Paul.
909 615 1002 679 lxxix.
1028 621 1057 682 9.

375 736 537 821 Propitius
559 744 628 802 esto
650 746 783 822 peceato
804 760 887 819 meu,

461 863 607 927 Multum
629 872 677 927 est
699 865 795 944 enim,
843 866 942 951 [Paul.
967 888 1036 930 xxv.
1064 867 1130 950 lu]

462 991 645 1056 Maximum
668 999 716 1056 est
738 993 834 1057 enim.

203 1116 337 1200 Propter
358 1117 610 1197 multitudinem,
661 1119 763 1201 [Paul.
786 1119 860 1182 lxix.
884 1119 952 1204 16.]
1035 1146 1040 1153 ·

373 1267 524 1329 magnam
546 1246 799 1324 multitudinem,
849 1246 948 1330 [Paul.
971 1247 1004 1310 li.
1033 1246 1077 1330 1.]

374 1373 510 1452 divitias,
557 1371 655 1458 [Epir.
679 1373 711 1437 ii.
735 1374 782 1458 4]

373 1501 614 1579 abundantiam,
665 1502 698 1586 [1
723 1503 792 1566 Pet.
816 1503 837 1566 i.
861 1503 907 1586 3.]

374 1629 701 1712 superabundantiam
752 1630 854 1712 [Roas.
879 1652 907 1694 v.
931 1629 1000 1713 20]

457 1755 753 1821 Misericordiurum
774 1757 927 1835 Taurum,

201 1883 362 1967 Propitius
384 1890 453 1948 esto
474 1883 565 1963 mihi,
589 1884 738 1963 Domine,
761 1884 930 1970 peccatori,

286 1990 489 2088 Domine,0
511 2010 661 2091 Domine,
684 2012 844 2095 propitius
867 2017 935 2106 esto

415 2137 496 2200 mihi
517 2147 722 2221 peccatorum
743 2120 856 2223 primo.
908 2139 941 2222 [1
970 2139 1046 2202 tta.
1070 2139 1091 2202 i.
1117 2138 1182 2222 la]

199 2265 228 2328 0
251 2265 400 2344 Domine,
425 2266 640 2349 superexaltet
661 2265 879 2330 misericordia
921 2265 992 2328 Jue.
1015 2265 1047 2328 ii.
1074 2269 1123 2329 13.

410 2392 569 2476 judicium
591 2394 697 2457 'tuum
720 2394 755 2456 in
776 2400 906 2477 peceato
929 2414 1010 2457 meo.

200 2518 340 2583 Domine
362 2518 418 2598 mi,
443 2518 497 2582 ubi
520 2519 695 2584 abundavit
717 2520 869 2585 delictum
892 2541 1010 2599 meum,

415 2646 654 2730 superabundet
677 2648 780 2730 gratia
802 2649 880 2712 Tua.
925 2650 1016 2712 Bora.
1039 2668 1068 2710 v.
1091 2647 1145 2708 20.

286 2773 421 2852 Exaudi,
445 2775 594 2847 Domine,

370 2901 532 2986 Propitius
554 2909 634 2980 est0,
658 2902 806 2980 Domine,
842 2868 846 2875 ι

415 3028 565 3109 Intende,
590 3030 740 3109 Domine,

414 3157 564 3234 Domine,
588 3158 721 3222 intende
743 3165 777 3222 et
798 3157 859 3236 sae,

413 3287 487 3366 Fae,
511 3294 544 3350 et
566 3308 607 3350 ne
629 3287 763 3350 moreris

501 3419 632 3497 propter
654 3414 815 3497 Teipsum.
866 3413 965 3498 [Dan.
991 3414 1033 3477 ix.
1059 3413 1123 3497 la]

199 3545 241 3607 In
262 3562 417 3625 magnum
439 3539 569 3624 pietatis
592 3547 828 3604 sacramentum

284 3690 341 3753 pro
362 3667 455 3733 nobis
477 3668 674 3746 hominibus,
698 3676 731 3732 et
752 3689 810 3752 pro
832 3675 942 3732 nostra
963 3667 1066 3730 saluta

241 3796 481 3862 manifestatum
503 3797 539 3860 in
561 3817 656 3860 earne
679 3797 796 3874 Deum,
847 3795 876 3877 [l
908 3794 985 3856 mm.
1008 3793 1053 3856 iii.
1079 3792 1146 3874 16.]

328 3925 504 3989 Hominem
528 3925 636 3987 Jxauu

327 4051 444 4114 Filium
468 4051 582 4130 Patris,

326 4179 492 4244 Christum
517 4177 665 4262 Spiritus,

325 4309 500 4372 Dominum
523 4318 679 4384 nostrum,
