2910 5002
459 461 627 524 PRECES
653 461 970 527 QUOTIDIANAE.

278 631 427 710 Domine,
451 652 510 714 ego
533 632 699 710 dormiam,
724 633 780 696 aed

364 761 427 825 Cor
449 780 557 823 meum
580 760 733 842 vigilabit.

277 888 383 951 visita
405 908 466 965 me,
490 887 641 965 Domine,
664 887 848 952 visitatione

363 1021 556 1092 sanctorum,
580 1022 613 1078 et
635 1013 740 1077 revela
761 1015 841 1077 mihi

363 1159 473 1204 aurem
494 1141 529 1204 in
551 1141 727 1205 visionibus
748 1142 863 1206 noctis.

278 1268 328 1331 sit
351 1287 481 1331 somnus
504 1289 603 1346 meus,
627 1275 664 1330 ut
686 1267 815 1346 laboris,

363 1394 408 1456 sic
429 1395 550 1476 peccati
573 1395 716 1458 cessatio.

276 1521 330 1585 Ne
352 1519 430 1604 quid
451 1521 500 1584 vel
523 1541 580 1604 per
600 1520 760 1584 insomnia
780 1521 929 1605 cogitem,

362 1648 447 1733 quod
469 1649 513 1712 Te
535 1648 687 1727 offendat,
710 1649 761 1713 vel
783 1671 835 1712 me
856 1649 989 1733 polluat.

276 1777 337 1854 Da,
361 1775 511 1852 Domine,
533 1776 695 1839 recordari
715 1777 799 1860 apud
821 1777 868 1841 Te

360 1911 490 1966 noctem
512 1924 578 1966 nou
600 1925 669 1968 esse
690 1912 829 1984 noctem,
853 1912 887 1968 et

359 2028 510 2092 tenebras
532 2049 600 2092 esse
621 2030 724 2093 instar
745 2030 825 2094 lucis
847 2029 1044 2094 meridianae.

276 2155 337 2233 Da,
361 2153 510 2231 Domine,
532 2154 676 2237 fugiente
698 2176 811 2219 somno
833 2155 873 2219 ab
895 2157 995 2220 oculis
1017 2157 1106 2235 meis,

360 2288 456 2345 'nocte
477 2281 636 2344 recordari
654 2281 794 2346 nominis
816 2283 889 2360 '1¹ui,

363 2416 399 2472 nt
420 2408 598 2472 custodiam
620 2408 726 2492 legem
747 2410 861 2473 Tuam.

276 2538 328 2602 Da
349 2535 498 2600 meditari
519 2543 614 2600 nocte
636 2557 710 2600 cum
732 2537 837 2616 corde,

362 2672 396 2730 et
417 2663 601 2741 excruciari,
624 2670 657 2727 et
679 2663 813 2727 scrutari
836 2664 981 2747 spiritum
1003 2685 1121 2743 meum,

360 2800 393 2857 et
414 2791 668 2876 increpationem
690 2813 805 2856 renum
826 2813 893 2855 non
916 2792 1088 2876 negligere,

403 2920 491 2987 Quid
512 2926 608 2997 recte,
632 2919 709 3001 quid
730 2920 859 2998 rectius,

316 3047 486 3114 Quomodo
507 3047 579 3112 Tibi
600 3047 702 3129 magis
724 3055 881 3131 acceptus,

274 3175 443 3242 Quomodo
464 3173 649 3239 hominibus
670 3174 772 3257 magis
795 3181 905 3257 gratus
916 3200 926 3252 ;

358 3301 497 3366 Semitas
519 3323 615 3382 meas,
639 3309 672 3365 et
693 3301 813 3365 lectum
834 3321 953 3378 meum,

374 3456 381 3467 ·
442 3430 488 3494 Te
510 3429 716 3507 circumdare,

358 3558 404 3622 'l'e
425 3556 587 3642 possidere
611 3555 690 3619 Vias
713 3576 818 3618 meas:

359 3685 506 3750 Lucerna
528 3682 660 3747 ardente
681 3682 789 3745 ridere
812 3683 867 3760 Te,

358 3810 507 3875 Lucerna
528 3809 687 3872 exstincta
707 3808 814 3871 videre
835 3810 889 3872 Te.

358 3939 420 4017 Da,
444 3935 593 4014 Domine,
617 3936 757 4019 cogitare

400 4068 557 4130 Somnum
579 4064 724 4147 longum,

400 4195 557 4258 Somnum
579 4192 704 4269 mortis,

400 4320 534 4383 Lectum
558 4318 727 4402 sepulchri,

1180 466 1243 526 435
