2910 5002
482 437 652 504 Paucas
676 439 998 508 QUOTIDIANAE.
1230 448 1271 508 55

254 607 286 670 0
308 604 451 672 Domine
471 609 597 690 messis,

208 732 315 797 Mitte
335 733 497 818 operarios

295 859 430 925 idoneos
451 882 471 924 a
491 861 537 926 Te
558 860 660 926 factos

379 984 415 1049 in
436 1008 574 1052 messem
597 988 711 1052 Tuam.
759 989 844 1054 Mat.
867 989 910 1053 ix.
934 992 988 1055 38.

199 1113 254 1177 'I'u
270 1112 325 1198 qui
340 1133 409 1178 sors
424 1132 459 1177 es
473 1135 595 1192 eorum,
612 1113 668 1197 qui
682 1112 826 1178 assident
840 1115 875 1178 in
889 1115 1022 1199 Templo
1036 1122 1103 1195 tuo,
1132 1117 1165 1202 [l
1180 1119 1249 1186 Cor.
1262 1122 1305 1189 ix.
1320 1126 1386 1212 13.]

336 1237 485 1305 Concede
507 1237 602 1303 Clero
623 1246 747 1316 nostro,

198 1369 251 1433 Ut
274 1373 361 1433 recte
382 1364 527 1432 divident
549 1365 684 1431 verbum
707 1364 859 1444 veritatis,
875 1372 908 1429 et
954 1365 987 1450 [2
1005 1368 1082 1431 Tim.
1097 1366 1129 1432 ii.
1147 1368 1215 1453 15.]

247 1496 294 1559 Ut
315 1501 405 1560 recto
425 1492 506 1579 pede
529 1492 681 1558 incedant
704 1492 739 1556 in
762 1512 811 1556 ea.
859 1493 965 1557 Galat.
985 1493 1020 1557 ii.
1046 1496 1096 1558 14.

290 1623 442 1690 Concede
463 1621 589 1706 Populo
611 1619 732 1687 Christi
756 1620 874 1685 dilecto

378 1749 609 1833 Obtemperere
629 1748 682 1812 his
704 1753 794 1813 etse
816 1747 983 1835 subjicere.
1017 1750 1096 1819 Heb.
1119 1750 1185 1816 xiii.
1210 1756 1263 1818 17.

198 2003 231 2066 0
255 2002 327 2066 Rex
350 2000 540 2078 Nationum‚

332 2149 434 2213 usque
456 2126 499 2192 ad
521 2127 679 2192 terminos
700 2132 803 2206 terrae,

246 2255 377 2321 Robora
397 2255 508 2321 omnia
528 2255 630 2321 totius
651 2255 757 2320 Terrae
780 2258 895 2341 Regna

333 2389 367 2446 et
381 2382 524 2460 Politice,

246 2513 361 2591 utpote
382 2506 617 2573 ordinationem
639 2514 740 2586 tuam,
784 2508 873 2570 Rern.
896 2506 961 2569 xiii.
987 2511 1019 2571 2.

171 2659 179 2672 ·
246 2633 309 2697 etsi
329 2634 506 2698 humanam
525 2639 716 2698 creaturam.
762 2634 779 2695 l
804 2635 876 2697 Pet.
897 2632 932 2696 ii.
958 2635 1010 2697 13.

420 2761 549 2846 Dissipa
570 2768 683 2845 gentes
705 2780 776 2844 quae

461 2887 548 2953 bella
567 2888 692 2953 volunt.
737 2889 826 2952 Peol.
849 2888 948 2954 lxviii.
970 2891 1025 2957 30.

419 3013 508 3079 Tolle
529 3013 617 3078 bella
637 3035 739 3097 usque
762 3014 804 3080 sd

460 3139 616 3206 terminos
638 3148 742 3206 terrae.
787 3143 876 3206 Psal.
900 3143 975 3208 xlvi.
997 3149 1030 3208 9.

254 3392 283 3456 0
305 3391 455 3469 Domine,
479 3392 670 3456 sustentatio
691 3392 877 3458 Insularum
901 3401 935 3458 et

289 3539 400 3583 earum
423 3538 504 3602 spes,
550 3519 608 3582 Es.
631 3518 664 3584 li.
688 3521 720 3584 5.

203 3646 323 3711 Libera
344 3647 490 3711 Insulam
512 3647 605 3726 hanc,
629 3655 662 3711 et

248 3778 351 3838 totam
375 3773 555 3857 Regionem
576 3774 614 3837 in
635 3795 700 3857 qua
720 3773 914 3853 habitamus,

291 3900 331 3964 ab
354 3900 444 3964 omni
466 3899 648 3977 afflictione,
671 3899 824 3983 periculo,
848 3906 881 3962 et

334 4035 478 4092 extrema
498 4027 700 4092 necessitate.
743 4026 869 4110 Liturq.
895 4027 1054 4110 Chrysost.

251 4280 280 4344 Ο
299 4279 438 4345 Domine
460 4280 685 4358 Dominorum,
708 4286 742 4344 et
765 4281 834 4345 Rex
855 4281 994 4364 Regum,
