2910 5002
202 463 206 472 ·
264 434 331 495 368
528 430 699 496 PRECES
724 426 1044 496 QUOTIDIANAE.

264 596 573 664 ΣΑΜΑΡΕΙΤΩΝ.
607 594 690 663 Ὅτι
711 593 802 666 οῦτός
823 595 915 660 ἐστιν
936 591 1066 675 α’ληθῦς
1086 591 1106 661 ό
1127 593 1247 682 Σωτὴρ
1270 594 1337 659 τοῦ

350 723 474 807 κόσμου
496 722 513 788 ό
535 723 686 810 Χριστός.
731 725 782 790 Jo.
806 725 846 790 iv.
870 727 923 791 42.

264 849 462 920 ΜΑΡΘΑΣ.
498 847 583 915 Ὅτι
612 850 658 920 Σι)
680 849 710 916 εί
730 848 747 917 ό
770 849 922 938 Χριστός,
945 849 962 916 ό
991 848 1068 922 Τῖός
1095 852 1152 917 τοῦ
1180 850 1282 929 Θεοῦ,
1311 844 1333 912 ό

351 979 394 1050 εἷς
416 978 471 1046 τόν
492 978 614 1063 κόσμον
636 977 814 1067 ἐρχόμενος.
857 982 909 1044 Jo.
931 979 973 1044 xi.
996 982 1050 1045 2⁷.

264 1107 523 1172 ETNOTXOT.
581 1106 645 1171 Τόν
674 1103 754 1171 'flav
783 1108 855 1179 τοῦ·
872 1106 957 1172 Θεοῦ
989 1102 1071 1183 εἶναι
1103 1102 1160 1171 τὸν
1190 1101 1334 1183 Ἰησοῦν

351 1228 506 1317 Χριστόν.
550 1231 624 1294 Act.
648 1230 713 1294 viii.
736 1231 788 1295 37.
817 1238 820 1243 '
870 1279 874 1287 -
915 1230 918 1235 ’

264 1359 481 1429 ΣΤΝΟΔΟΤ
513 1359 608 1422 ΤΩΝ
639 1357 924 1427 ΑΠΟΣΤΟΛΩΝ
956 1358 1037 1423 ΚΑΙ
1067 1352 1332 1421 ΠΡΕΣΒΠΕ-

350 1487 453 1551 ΡΩΝ.
513 1484 580 1551 Διό
615 1486 672 1567 τῆς
701 1484 834 1574 χόριτος
863 1484 974 1567 Ἰησοῦ
1010 1487 1157 1573 Χριστοῦ
1193 1483 1330 1571 Κυρίου

350 1611 547 1696 πιστεύομεν
568 1612 720 1694 σωθῆναι.
765 1615 839 1678 Act.
862 1636 913 1679 xv.
938 1616 991 1679 ll.

266 1739 498 1803 ’ANAPEofft
546 1739 675 1824 Εῦρηκα
704 1738 761 1804 τὸν
781 1740 946 1816 Μεσσίαν,
969 1738 986 1807 ό
1007 1740 1080 1806 ἐστι
1107 1738 1329 1824 μεθερμηνευ-

352 1863 465 1947 όμενον
486 1863 503 1930 ό
528 1864 677 1951 Χριστός.
722 1866 773 1931 ίο.
796 1868 817 1932 i.
840 1869 893 1933 41.

276 1994 387 2085 Ημεῖς,
399 1990 443 2062 είς
464 1992 610 2080 Χριστόν
626 1991 756 2073 Ἰησοῦν
770 1994 1017 2079 ἐπιστεύσαμεν,
1035 1994 1086 2061 ίνα
1100 1992 1327 2076 δικαιωθῶμεν

352 2118 389 2183 ἐκ
409 2116 550 2188 πίστεως
571 2119 726 2205 Χριστοῦ,
750 2121 805 2186 καὶ
826 2120 885 2187 οῦκ
907 2122 945 2205 ἐξ
965 2121 1069 2210 ἔργων
1091 2119 1197 2203 νόμον.
1245 2121 1321 2184 Gal.

352 2245 385 2308 ii.
410 2249 460 2310 16.

258 2370 340 2436 Ὅτι
355 2370 399 2441 εἷς
414 2370 503 2446 Θεὸς,
519 2370 563 2442 είς
577 2373 632 2439 καὶ
644 2373 778 2457 μεσίτης
797 2377 883 2442 Θεοῦ
904 2377 958 2443 καὶ
979 2375 1156 2465 ἀνθρώπων
1174 2375 1326 2464 Χριστός

350 2497 486 2578 Ἰησοῦς,
516 2498 533 2563 ό
562 2498 634 2572 δοὺς
656 2500 768 2568 ἑαυτὸν
789 2502 980 2590 ἀντίλυτρον
1008 2504 1090 2588 ὑπὲρ
1110 2503 1250 2572 πόντων.
1302 2506 1320 2569 l

355 2629 431 2693 Tim.
454 2629 487 2692 ii.
512 2632 542 2708 ὅ,
566 2631 595 2693 6.

257 2754 340 2820 Ὅτι
371 2753 392 2838 ἦ
422 2754 532 2824 πίστις
562 2763 710 2845 συνεργεῖ
738 2764 804 2830 τοῖς
836 2760 947 2848 ἔργοις,
980 2762 1035 2828 καὶ
1061 2762 1098 2827 ἐκ
1124 2764 1188 2828 τῶν
1216 2760 1324 2849 ἔργων

351 2887 538 2952 τελειοῦται.
582 2888 652 2952 Jac.
677 2889 709 2952 ii.
733 2891 788 2956 22.

695 3133 886 3183 Doxomou.

265 3268 356 3352 Δόξα
377 3269 411 3334 ἐν
431 3268 588 3357 ὑψίστοις
610 3272 692 3358 Θεῷ,
716 3269 771 3336 ἐπὶ
792 3274 850 3354 ’γῆς
872 3270 988 3359 εἰρήνη,

350 3396 385 3461 ἐν
407 3394 585 3483 ἀνθρώποις
606 3394 739 3463 εὐδοκία.
784 3400 860 3464 Duc.
884 3401 916 3464 ii.
943 3404 993 3466 14.

263 3521 410 3589 Ὡσαννὰ
430 3526 475 3611 τῷ
495 3521 563 3611 Τὶᾢ
584 3521 701 3603 Δαβίδ.
747 3525 842 3591 Man.
865 3529 927 3592 xxi.
951 3531 981 3592 9.

265 3648 488 3735 Εὐλογημένος
509 3650 526 3716 ό
549 3650 719 3740 ἐρχόμενος
740 3652 774 3717 εὐ
794 3651 927 3736 ὀνόματι

353 3776 483 3865 Κυρίου,
505 3776 522 3843 ό
544 3776 706 3849 Βασιλεῦς
728 3780 783 3843 τοῦ
804 3776 948 3867 Ἰσραήλ.
992 3781 1042 3845 Jo.
1066 3780 1120 3845 xii.
1146 3781 1196 3845 13.

266 3901 385 3986 Εἰρήνη
407 3903 441 3969 ἐν
462 3902 584 3992 οὐρανῷ
605 3903 660 3970 καὶ
682 3903 760 3988 δόξα
780 3903 815 3971 ἐν
836 3904 1000 3992 ὑψίστοις.
1046 3911 1124 3974 Luc.
1148 3908 1211 3972 xix.
1234 3909 1287 3971 38.

265 4028 473 4113 Εὐλογημένη
494 4031 515 4114 ἦ
538 4029 692 4119 ἐρχομένη
718 4034 878 4112 βασιλεία
898 4032 934 4100 ἐν
955 4032 1088 4118 ὀνόματι
1111 4035 1233 4123 Κυρίου
1263 4036 1320 4100 τοῦ

350 4156 473 4243 πατρὸς
504 4156 594 4240 ἡμῶν
625 4158 744 4235 Δαβιῦ.
795 4159 941 4228 Ὡσαννὰ
980 4160 1014 4228 ἐν
1050 4166 1118 4234 τοῖς
1151 4160 1318 4250 ὑψίστοις.

351 4286 438 4348 Ματ.
463 4285 504 4349 xi.
531 4286 580 4350 10,
