2910 5002
199 417 264 479 200
483 421 621 484 ΕΤΧΑΙ
646 421 983 485 ΚΑΘΗΜΕΡΙΝΑΙ.

286 587 328 657 ὦς
350 589 422 659 τοὺς
445 589 479 654 ἐν
501 591 609 657 πάλαι
630 594 751 672 ’γενεαῖς

374 715 524 805 Πατέρας
545 717 643 801 ῆριῶν,

243 841 288 906 δι’
311 842 416 910 ὁτιοῦν
438 871 492 910 σοι
514 843 612 930 φίλον
633 844 764 926 γίνεται,

200 967 284 1033 Ἀπὸ
306 974 446 1058 πονηροῦ
468 970 522 1036 καὶ
544 972 687 1038 ἐναντίον
708 971 838 1050 παντὸς,

245 1092 279 1155 ἐν
299 1093 398 1159 παντὶ
419 1099 520 1181 καιρῷ
539 1099 595 1178 τῆς
617 1092 766 1176 ἀνάγκης,

288 1217 354 1284 ἀπὸ
378 1225 518 1308 πονηροῦ
540 1222 595 1288 καὶ
617 1221 760 1287 ἐναντίον
781 1220 882 1301 τοῦδε,

375 1345 409 1410 ἐν
430 1351 530 1435 καιρῷ
551 1347 640 1436 τῷδε,

201 1469 394 1552 ἀνάστησον,
418 1471 608 1562 ἀνάρρυσον,
630 1479 749 1554 σῶσον,
773 1473 882 1561 Κύριέ,
904 1499 957 1557 με.

243 1595 363 1666 Ῥῦσαί
379 1625 429 1683 με,
454 1600 565 1688 Κύριε,

288 1727 343 1793 καὶ
363 1727 407 1810 μῆ
431 1726 625 1817 διαφθείρῃς.

383 1854 473 1938 κοίτῃ
495 1854 683 1944 ἀρρωστίας,

267 1980 325 2046 Ἐν
385 1980 451 2068 ὥρᾳ
475 1981 623 2056 θανάτου,

384 2109 488 2199 ἡμέρᾳ
509 2112 653 2199 κρίσεως,

202 2236 237 2301 ἐν
258 2240 298 2320 τῆ
319 2241 440 2325 φρικτῇ
463 2239 518 2304 καὶ
539 2240 670 2327 φοβερᾷ
691 2238 795 2327 ἡμέρα
817 2239 928 2323 ἐκείνῃ,

200 2384 210 2397 ·
290 2359 479 2450 ἀνάρρυσον,
505 2364 616 2452 Κύριε,
640 2365 695 2430 καὶ
717 2365 827 2430 σῶσάν
847 2391 897 2449 με.

346 2495 402 2559 τοῦ
425 2491 501 2558 ἰδεῖν
523 2491 560 2559 τὸ
581 2491 760 2581 πρόσωπον
782 2495 838 2559 τοῦ
862 2495 986 2580 Κριτοῦ
1008 2492 1209 2580 σκυθρωπὸν,

346 2623 402 2685 τοῦ
424 2618 585 2701 ποθῆναι
607 2618 645 2683 ἐκ
665 2621 729 2683 τῶν
751 2615 926 2700 εὐωνύμων,

346 2749 402 2811 τοῦ
424 2745 560 2811 ἀκοῦσαι
581 2749 637 2827 τῆς
659 2748 796 2831 φρικτῆς
817 2748 933 2831 φωνῆς,

202 2873 290 2939 Ἀπὸ
501 2913 504 2919 -
561 2871 746 2951 Ἀττὸστητε
768 2869 824 2936 ἀπ’
848 2871 933 2953 ἐμοῦ·

347 3000 403 3063 τοῦ
425 2994 555 3077 δεθῆναι
577 2997 612 3062 ἐν
632 3002 756 3085 σειραῖς
780 2996 887 3084 ζόφον,

347 3127 403 3190 τοῦ
426 3124 627 3208 ἐκβληθῆναι
648 3123 693 3195 εἰς
714 3124 829 3194 σκότος
852 3125 1013 3213 ἐξώτερον,

347 3253 403 3316 τοῦ
423 3251 670 3332 βασανισθῆναι
691 3251 725 3316 ἐν
746 3249 886 3336 ἀβύσσῳ
908 3250 1008 3338 πυρὸς
1029 3248 1084 3315 καί
1106 3249 1199 3322 θείου,

374 3376 457 3444 ὅπου
478 3377 495 3443 ὁ
518 3376 640 3447 καπνὸς
662 3381 724 3443 τῶν
745 3376 911 3457 βασάνων,

505 3499 674 3580 ἀναβαίνει
696 3498 740 3568 εἰς
761 3498 870 3564 αἰῶνα.

281 3630 405 3703 Ἵλεως,
428 3628 521 3699 ίλεως
544 3627 623 3701 ἴσθι,

333 3759 445 3841 φάσω
466 3752 564 3839 ἡμῶν»

376 3881 513 3960 ἐλέησον
533 3881 625 3965 ἡμᾶς,

462 4006 487 4072 ὦ
510 4006 621 4093 Κύριε,

203 4136 271 4201 Καὶ
290 4135 335 4218 μῆ
357 4133 545 4221 διαφθείρῃς
567 4133 649 4216 ῆμάς
671 4133 715 4203 εἰς
736 4133 844 4207 αι’ῶνο,

246 4261 342 4346 ῥῦσαι
364 4260 418 4326 καί
439 4264 549 4326 σῶσον
569 4258 661 4342 ἡμᾶς.

280 4408 299 4439 Ι
