2910 5002
250 419 315 482 842
522 418 693 484 Paucas
717 417 1032 486 QUOTIDIANAE.

728 629 731 634 -
784 590 890 675 Sigilli
935 591 1032 677 [Epa.
1054 592 1076 657 i.
1102 592 1167 679 13.]

424 717 460 782 iu
490 718 723 784 contestatione
857 728 891 784 et

782 848 990 913 Arrhabonis.
1039 847 1146 933 [Vera.
1171 851 1238 937 la]

252 976 306 1041 Ne
330 974 486 1059 Spiritum
508 973 710 1057 exstinguam
732 997 886 1060 unquam,
935 975 966 1060 [1
994 977 1098 1041 Hera.
1121 1000 1149 1041 v.
1176 978 1241 1062 19.]

252 1105 369 1189 Neque
390 1103 519 1168 obnitar
540 1103 590 1182 Ei,
637 1102 719 1186 [λεν.
741 1105 763 1169 l,
785 1103 852 1188 24]

251 1233 367 1316 Neque
389 1229 562 1296 contrister
583 1230 706 1313 Ipsum,
753 1231 848 1315 [Epa.
871 1232 913 1296 iv.
936 1233 1004 1317 30.]

252 1359 368 1442 Neque
382 1357 586 1423 contumeliis
600 1379 744 1442 unquam
759 1359 905 1438 afficiam,
922 1360 1073 1425 Domine.
1091 1361 1183 1445 [Heb.
1199 1382 1229 1424 x.
1240 1360 1309 1443 29.]

296 1486 401 1550 Utin
423 1485 571 1551 Ecclesia
591 1487 661 1551 Tua
682 1486 782 1550 simm
803 1487 918 1565 vocati,

297 1611 403 1678 Utin
424 1612 592 1678 Catholica
612 1622 720 1698 partes
743 1614 889 1699 quaedam
911 1613 1064 1692 viventes,

619 1749 696 1807 voto
718 1751 752 1807 et
773 1745 948 1809 voluntate.

296 1885 344 1949 Ut
364 1883 400 1947 in
424 1885 544 1949 Sancta
565 1886 810 1951 communionis
832 1888 933 1952 simus
954 1887 1133 1972 participes,

603 2014 827 2095 Personarum,
888 2062 893 2068 -

342 2203 532 2267 Sanctarum
603 2143 789 2222 Actionum,

602 2271 749 2348 Pronum,

602 2396 768 2479 Liturgiae,

251 2528 304 2592 Ad
326 2527 478 2592 fiduciam
501 2525 711 2591 Remissionis
734 2532 948 2609 peccatorum,
995 2524 1082 2610 [Act.
1104 2523 1139 2589 ii.
1161 2523 1230 2607 38.]

450 2655 704 2719 Resurrectionis

251 2716 292 2780 ad
316 2669 448 2846 spem{

450 2782 682 2848 Translationis

707 2673 790 2848 μὶ
805 2713 904 2778 vitam
920 2718 1082 2777 aeternam.
1113 2710 1190 2796 [ru.
1204 2711 1250 2775 iii.
1262 2711 1306 2794 7.]

249 3040 400 3120 Domine,
424 3039 547 3123 adauge
569 3039 650 3103 mihi
672 3037 780 3116 fidem,
828 3035 918 3120 [Iac.
941 3033 1015 3097 xvii.
1038 3032 1085 3116 5.]

421 3175 460 3233 ut
481 3189 620 3252 granum
643 3165 772 3250 sinapis,
820 3164 910 3249 [Ver.
934 3159 978 3245 6.]

421 3317 488 3361 non
509 3302 681 3374 mortuam,
728 3294 812 3378 [Jac.
834 3293 867 3356 ii.
891 3290 958 3374 20]

424 3446 491 3490 non
512 3424 750 3509 temporariam,
797 3422 910 3506 [Apoc.
933 3420 966 3482 ii.
992 3420 1058 3504 la]

422 3572 489 3617 non
509 3551 748 3637 hypocriticam,
796 3549 830 3633 [2
855 3550 931 3612 iim.
954 3548 975 3610 i.
999 3547 1044 3630 5.]

423 3680 479 3745 sed
504 3679 613 3759 fidem,

466 3830 524 3893 per
546 3808 737 3874 charitatem
761 3813 958 3889 operantem,
1009 3804 1096 3887 [Gal.
1121 3824 1150 3866 v.
1174 3801 1218 3885 6.]

465 3938 614 4022 operibus
637 3941 872 4020 cooperantem,
920 3931 1003 4015 [Iac.
1027 3931 1061 3995 ii.
1084 3930 1151 4014 22]

465 4063 787 4129 subministratricem
807 4059 945 4136 virtutis,
994 4058 1027 4142 [2
1050 4058 1116 4122 Pet.
1140 4059 1161 4122 i.
1185 4058 1232 4142 5.]

464 4188 647 4253 vincentem
670 4188 838 4265 mundum,
887 4185 918 4268 [l
943 4186 995 4250 Jo.
1018 4208 1048 4249 v.
1071 4183 1116 4269 4.]

466 4317 709 4381 sanctissimam.
757 4315 845 4399 [Μ.
869 4315 934 4398 20]
