2910 5002
439 451 609 517 Fuscus
633 449 954 518 QUOTIDIANAE.
1160 453 1225 516 ³33

172 618 282 702 Usque
303 618 345 682 ad
367 627 529 684 senectam
551 621 622 702 Ego
653 621 738 704 lpse,
762 629 795 685 ct
827 618 993 704 usquead
1024 639 1121 683 canos
1153 621 1225 703 Ego

256 745 409 829 portabo:
440 748 511 830 Ego
532 747 604 827 feci,
637 753 670 812 et
701 749 772 831 Ego
803 748 914 826 ieram,
938 747 1009 830 Ego
1034 747 1170 831 portabo
1192 757 1226 811 ct

258 873 395 937 salvabo.
441 873 486 939 Is.
508 875 583 938 xlvi.
607 878 639 938 l.

171 998 256 1061 Vere
288 998 459 1082 languores
492 1008 620 1065 nostros
654 1001 729 1084 Ipse
759 1001 847 1079 tulit,
879 1007 913 1065 et
944 999 1070 1066 dolores
1099 1007 1226 1065 nostros

257 1126 332 1208 Ipse
353 1127 503 1209 portavit.
548 1127 591 1190 Is.
616 1126 672 1190 liii.
695 1129 727 1190 4.

171 1253 246 1336 Ipse
274 1225 459 1318 vulneratus
489 1262 538 1319 est
566 1261 697 1339 propter
725 1254 913 1338 iniquitates
936 1263 1073 1334 nostras,
1097 1243 1228 1320 attritus

258 1386 307 1442 est
329 1388 459 1464 propter
481 1381 599 1445 scelera
620 1388 731 1445 nostra
741 1407 751 1459 3

172 1505 348 1590 Disciplina
369 1508 455 1591 pacis
477 1517 597 1573 nostrae
615 1529 712 1592 snper
729 1508 832 1572 Eum:
857 1515 890 1573 et
908 1509 1008 1574 livore
1026 1509 1107 1592 Ejus
1123 1506 1228 1573 sancti

147 1713 154 1725 .
259 1655 379 1697 snmus.
434 1634 517 1698 Vers.
542 1639 573 1698 5.

173 1762 295 1825 Omnes
322 1782 381 1824 nos
411 1761 502 1844 quasi
523 1783 597 1826 oves
627 1761 812 1840 erravimus,
835 1760 1057 1846 unusquisque
1085 1760 1122 1824 in
1143 1758 1228 1824 viam

258 1910 349 1952 snam
371 1888 560 1968 declinavit3
584 1896 617 1953 et
634 1889 742 1972 posuit
764 1889 855 1952 Deus
876 1889 912 1952 in
934 1890 1020 1954 Eum
1040 1889 1229 1973 iniquitates

259 2015 406 2079 omnium
426 2024 585 2080 nostrum.
638 2015 721 2079 Vera.
746 2018 786 2081 6.,

174 2143 316 2226 Eritquc,
341 2151 514 2226 antequam
543 2143 694 2222 clament,
717 2144 789 2227 Ego
811 2143 1004 2223 exandiam3
1033 2143 1139 2209 adhuc
1163 2143 1227 2208 illis

259 2271 475 2354 loquentibus,
498 2273 569 2356 Ego
592 2271 729 2335 audiam.
779 2271 833 2356 [ls.
858 2272 923 2336 lav.
948 2271 1016 2356 24]

173 2398 332 2482 Nunquid
349 2399 525 2463 voluntatis
548 2400 635 2463 Mese
652 2408 701 2464 est
723 2419 809 2463 mors
831 2399 933 2482 impii,
953 2407 986 2462 et
1005 2420 1073 2464 non
1094 2406 1132 2464 ut
1151 2420 1229 2464 con-

260 2533 404 2590 vertatur
425 2549 445 2590 s
466 2528 524 2591 viis
547 2527 620 2599 suis,
644 2533 678 2590 et
698 2525 811 2591 vivat?
856 2526 918 2590 Er.
941 2526 1026 2590 xviii.
1049 2528 1102 2590 23.

174 2655 418 2734 Convertimini,
449 2662 483 2719 et
519 2654 701 2718 avertimini
738 2654 778 2718 ab
816 2654 967 2718 omnibus
1003 2653 1230 2736 iniquitatibus

259 2783 384 2861 vestris,
399 2789 432 2846 et
447 2803 512 2846 non
529 2783 590 2846 erit
604 2781 693 2847 vobis
707 2783 744 2846 in
754 2782 882 2846 ruinam
891 2781 1054 2865 iniquitas.
1078 2781 1161 2846 Vers.
1174 2785 1227 2846 30.

61 2982 76 2990 „
173 2914 257 2978 Vivo
275 2913 367 2996 Ego;
389 2911 466 2975 nolo
487 2917 625 2975 mortem
643 2911 743 2995 impii,
760 2910 817 2975 sed
833 2918 871 2976 ut
889 2918 1093 2975 convertatur
1110 2911 1230 2995 impius

260 3040 353 3105 avia
374 3060 441 3118 sua,
464 3046 497 3103 ct
519 3039 614 3103 vivat.

175 3170 417 3249 convertimini,
449 3165 674 3234 convertimini
706 3188 725 3231 a
757 3167 817 3231 viis
847 3167 962 3231 vestris
995 3165 1162 3251 pessimis:
1196 3173 1230 3230 ct

262 3319 359 3382 quare
380 3296 573 3375 moriemini,
597 3295 711 3359 domus
734 3295 859 3359 Israel?
904 3295 965 3359 Ea.
990 3294 1097 3359 xxxiii
1124 3297 1175 3358 11.

125 3497 130 3505 ‚
174 3426 330 3510 Impietas
360 3425 452 3509 impii
480 3446 547 3487 non
576 3421 706 3487 nocebit
728 3423 759 3486 ci
787 3423 823 3486 in
853 3443 1044 3506 quacunque
1074 3423 1125 3487 die
1155 3443 1229 3486 con·

260 3575 368 3618 versus
389 3552 487 3617 fuerit
509 3550 549 3615 ab
570 3549 742 3634 iniquitate
764 3571 831 3614 sua.
884 3549 967 3614 Vers.
993 3552 1044 3615 12.

174 3681 219 3744 Et
248 3701 321 3745 cum
350 3679 516 3744 recesserit
546 3678 665 3761 impius
696 3677 736 3741 ab
765 3677 932 3760 impietate
961 3698 1027 3755 sua,
1058 3674 1231 3759 feceritque

258 3807 418 3890 judicium
441 3814 474 3870 et
493 3805 666 3890 justitiam,
690 3803 773 3866 vivet
796 3803 901 3866 iniis.
951 3802 1037 3864 Vers.
1063 3803 1113 3864 19.

175 3935 390 4018 Derelinquat
404 3933 524 4017 impius
539 3931 623 3995 viam
646 3951 747 4009 suam,
764 3937 797 3994 et
811 3929 860 3992 vir
873 3929 1004 4013 iniquus
1019 3927 1230 4010 cogitationes

262 4084 344 4142 suas,
360 4069 393 4127 et
416 4066 594 4126 revertatur
614 4059 655 4123 ad
675 4058 863 4137 Dominum,
880 4064 913 4122 et
930 4055 1134 4122 miserebitur
1149 4057 1229 4141 ejus,

262 4198 295 4256 et
317 4191 358 4255 ad
380 4192 488 4256 Deum
509 4195 667 4268 nostrum,
691 4187 766 4272 quia
787 4186 910 4252 multus
927 4192 976 4251 est
997 4185 1038 4250 ad
1062 4185 1230 4269 ignoscen-
1311 4197 1320 4215 ‘

262 4319 349 4383 dum.
394 4319 438 4383 Is.
461 4318 504 4382 lv.
528 4322 558 4384 7.
