2910 5002
250 450 316 514 356
526 450 696 515 PRECES
722 451 1038 518 QUOTIDIANAEt

339 615 375 679 in
397 617 503 681 medio
525 618 638 683 domus
660 621 745 684 Tuae.
795 621 898 704 [Psoi.
921 620 1018 685 xlviii.
1042 621 1087 706 9.]

253 746 382 810 Memor
403 752 480 826 esto,
509 747 664 826 Domine,
687 747 823 810 fratrum
844 747 925 810 mihi
947 749 1083 813 eircum-

384 875 549 954 atantium,
573 881 606 939 et
630 876 902 959 comprecantium
924 878 1004 940 mihi
1025 877 1087 942 hae
1108 877 1196 957 hora,

514 1002 680 1066 industriae
703 1009 736 1066 et
758 1002 857 1066 studii
879 1024 1001 1069 eorum.

257 1129 386 1195 Memor
409 1130 506 1194 etiam
531 1138 599 1194 esto
619 1152 739 1211 eorum,
764 1131 820 1214 qui
843 1139 974 1215 propter
996 1131 1138 1196 rationa-

341 1257 421 1321 biles
441 1279 551 1323 causas
573 1260 698 1340 absnnt,
723 1265 755 1323 et
778 1260 929 1323 miserere
953 1281 1065 1324 eornm

343 1393 376 1450 et
397 1388 501 1451 nostri
525 1389 702 1453 seeundum
724 1388 969 1452 multitudinem
991 1388 1114 1453 miseri·

343 1515 522 1579 cordiarnm
545 1519 695 1594 Tnarnm,
719 1519 749 1581 0
772 1517 920 1581 Domine.

255 1641 406 1722 Domine,
431 1643 526 1708 dilexi
549 1645 696 1710 decorem
718 1645 832 1710 domus
854 1647 942 1725 Tuae,

342 1775 375 1832 et
396 1769 504 1834 locum
526 1772 735 1837 habitationis
757 1773 866 1857 gloriae
887 1774 974 1837 Tusa
1023 1773 1124 1858 [Pani.
1149 1773 1232 1839 xxvi.
1256 1773 1303 1858 8.]

257 1895 305 1958 Ut
327 1895 455 1959 audiam
476 1917 587 1961 vocem
609 1898 712 1961 laudis
735 1899 821 1977 Tuae,

341 2030 375 2086 et
395 2024 564 2107 praedicem
586 2025 695 2089 omnia
715 2024 876 2088 mirabilia
897 2027 974 2090 rua
1023 2026 1128 2111 [Veri.
1154 2027 1197 2111 7.]

256 2148 370 2213 Unum
392 2153 471 2235 petii
493 2175 513 2216 a
534 2153 685 2233 Domino,
709 2153 771 2217 hoo
792 2154 963 2237 requiram,

338 2290 378 2342 nt
400 2279 543 2344 habitem
565 2280 601 2344 in
624 2280 718 2345 domo
740 2281 875 2344 Domini

342 2408 493 2473 omnibus
515 2408 723 2473 diebusvitae
745 2430 836 2488 meae,

341 2543 379 2600 ut
400 2536 527 2601 rideam
548 2537 747 2620 voluptatem
769 2536 914 2615 Domini,

342 2670 375 2726 et
396 2664 524 2727 visitem
547 2665 716 2747 Templum
738 2665 826 2748 Ejus.
878 2664 975 2748 [Paul.
999 2664 1096 2731 xxvii.
1117 2665 1163 2748 d]

254 2791 337 2871 Tibi,
362 2791 442 2854 dixit
464 2812 659 2871 cormeum,
683 2792 863 2856 Dominum
884 2813 1036 2876 quaeram,

251 2974 257 2981 .
341 2919 506 3003 Exquisiri
528 2920 582 2992 Te,
605 2928 638 2984 et
660 2919 777 2983 faeiem
800 2921 912 2999 Tuam,

341 3048 470 3143 Faciem
492 3050 604 3128 Tuam,
628 3048 778 3128 Domine,
801 3070 950 3131 quaeram.
1000 3046 1103 3131 [Vera.
1128 3045 1176 3130 8.]

254 3175 387 3258 Aperite
398 3175 479 3239 mihi
490 3183 598 3259 portas
609 3176 765 3260 justitiae:
785 3165 948 3259 ingressus
964 3173 1141 3239 confitebor
1156 3172 1309 3239 Domino.

385 3304 438 3366 Pa.
464 3303 565 3367 cxviii.
593 3304 643 3366 19.

256 3427 364 3515 Κύριε,
385 3427 545 3511 ἠγάπησα
567 3427 760 3515 εὐπρέπειαν
782 3430 871 3493 οἴκου
893 3454 964 3505 σου,

298 3554 353 3620 καὶ
375 3552 475 3622 τόπον
497 3555 706 3639 exaudituros
726 3561 787 3639 ‘nie'
805 3555 898 3638 δόξης
920 3582 991 3622 σου.
1037 3557 1125 3621 Paul.
1148 3555 1233 3621 xxvi.
1256 3559 1288 3620 8.

473 3817 601 3897 Θωμᾶς·

251 3941 293 4006 Ὁ
317 3940 437 4030 Κύριός
461 3969 533 4025 μου,
556 3943 610 4009 καὶ
632 3943 648 4007 ὁ
672 3943 754 4014 Dede
775 3969 847 4026 μου.
892 3943 942 4006 Jo.
965 3962 1016 4004 xx.
1040 3941 1093 4004 28.

253 4070 421 4157 Μακάριοι
442 4070 475 4135 οἷ
493 4071 538 4152 μὴ
562 4070 686 4145 ἰδόντες,
710 4071 765 4137 καὶ
786 4067 1030 4138 πιστεύσαντες.
1084 4066 1168 4132 Vero.
1191 4068 1245 4132 29.

253 4194 352 4272 Εἷπα,
376 4195 579 4285 ἐξογορεόσω
602 4197 672 4264 κατ’
697 4199 775 4280 ἐμοῦ
797 4195 855 4280 τὴν
875 4193 1012 4280 ἀνομίαν
1032 4220 1095 4277 μου
1120 4197 1167 4281 τῷ
1190 4192 1312 4281 Κυρίῳ.

297 4325 385 4389 Psal.
408 4325 505 4390 xxxii
528 4324 558 4388 6.
596 4351 600 4358 ¹
691 4356 694 4361 ·
