2910 5002
445 452 615 517 PRECES
640 447 958 518 QUOTIDIANAE.
1164 445 1226 509 261

368 1040 710 1132 ΜΕΒΙΤΑΤΙὈ
753 1051 1045 1130 SECUNDA.

414 1286 737 1352 FRAGILI'PATIS
762 1286 993 1351 HUMANAE.

180 1513 353 1576 Misnuunn
374 1511 448 1589 mei,
472 1509 623 1587 Domine,
647 1509 722 1592 quie
743 1509 892 1572 infirmus
914 1528 997 1586 sum,
1041 1506 1126 1570 Psal.
1146 1506 1187 1568 vi.
1200 1509 1232 1569 2.

266 1637 449 1700 Memorare
473 1655 544 1719 quae
566 1656 639 1699 mes
661 1635 851 1712 substantia,
896 1635 986 1697 Psal.
1009 1632 1126 1697 lxxxix.
1150 1636 1203 1698 47.

311 1765 493 1829 Recordare
515 1763 601 1848 quod
625 1783 699 1827 cero
721 1783 803 1840 sum,

270 1891 408 1975 Spiritus
430 1890 560 1968 vadens,
584 1896 617 1954 et
638 1910 705 1954 non
727 1888 864 1954 rediens.
910 1889 1000 1952 Psul.
1022 1887 1141 1951 lxxviii.
1166 1889 1219 1951 39.

182 2021 273 2084 Sicut
294 2021 418 2085 foenum
441 2020 509 2083 dies
531 2019 615 2097 mei,.
630 2019 713 2083 sicut
735 2019 794 2082 flos
816 2018 895 2101 egri,
940 2018 988 2082 Is.
1011 2017 1054 2080 xl.
1078 2019 1109 2080 6.

228 2147 366 2230 Spiritus
388 2146 540 2210 transibit
561 2146 596 2209 in
617 2167 680 2239 me,
704 2152 737 2209 et
759 2165 827 2208 non
848 2143 1031 2221 subsistam,

184 2277 256 2340 Nec
274 2295 463 2356 cognoscam
484 2273 619 2356 amplius
638 2272 747 2338 locum
764 2292 882 2337 meum.
927 2273 1014 2338 Psoi.
1032 2271 1094 2336 ciii
1115 2270 1234 2349 15,16.

227 2404 298 2486 Ego
320 2401 408 2466 enim
430 2401 534 2484 pulvis
558 2407 591 2463 et
613 2399 702 2478 cinis,
752 2400 828 2463 Gen.
852 2398 938 2463 xviii.
961 2399 1013 2463 27.

312 2529 413 2592 Terra
434 2535 467 2591 et
489 2527 625 2605 foenum,
669 2528 713 2591 Is.
736 2528 779 2591 xl.
801 2531 831 2592 6.

358 2657 443 2720 Caro
465 2663 498 2720 et
520 2655 627 2733 flotus,
671 2656 759 2719 Psal.
783 2654 900 2719 lxxviii.
924 2656 984 2738 39.

225 2864 230 2872 ι
307 2781 450 2846 Putrcdo
474 2787 507 2843 et
529 2780 658 2858 vermis,
702 2779 771 2843 Job.
795 2779 868 2843 xvii.
894 2782 944 2843 14

187 2910 235 2973 Ut
258 2908 379 2971 advena
400 2915 433 2970 et
454 2907 640 2992 peregrinus
662 2908 697 2969 in
719 2914 815 2985 terra,
859 2907 948 2968 Psal.
970 2905 1074 2970 xxxix
1101 2906 1150 2969 14.

275 3034 435 3098 Habitans
458 3034 591 3098 domum
612 3034 744 3112 luteam,
788 3032 858 3097 Job.
882 3033 923 3096 iv.
949 3036 1000 3099 19.

274 3162 376 3244 Cujus
398 3161 466 3225 dies
488 3161 584 3245 pauci
606 3168 639 3225 et
659 3161 746 3240 muli,
795 3162 872 3225 Gen.
895 3160 980 3224 xlvii.
1004 3163 1035 3223 9.

277 3287 383 3353 Hodie
406 3296 438 3379 et
460 3309 528 3353 non
551 3309 629 3367 ores,
674 3290 749 3351 Pro.
772 3289 865 3352 xxvii.
892 3291 920 3352 1.

275 3415 386 3492 Mune,
410 3421 443 3478 et
464 3435 533 3479 non
555 3414 719 3498 usquead
740 3434 914 3498 vesperem,
959 3415 1002 3478 lc.
1026 3413 1153 3478 xxxviii.
1180 3413 1229 3476 13.

276 3543 318 3605 In
340 3562 472 3625 corpore
494 3543 627 3625 peccati
671 3543 760 3606 Rom
783 3544 824 3606 vi.
848 3546 878 3605 6.

277 3670 318 3731 In
340 3667 463 3732 mundo
484 3669 708 3751 corruptionis,
753 3673 774 3733 2
796 3671 867 3733 Pet.
890 3670 912 3732 i.
936 3674 966 3733 4.

276 3795 432 3878 Repletus
454 3795 602 3873 miseriis,
626 3794 682 3858 sed
702 3794 808 3859 brevis
830 3795 915 3874 vitae,
959 3796 1028 3859 Job.
1052 3796 1113 3860 xiv.
1139 3798 1168 3859 1.

279 3921 370 3986 Sicut
392 3923 460 4000 flos,
483 3923 562 3988 dum
584 3923 703 4001 floruit,
725 3924 902 4002 marcescit,

277 4046 332 4123 Et,
355 4046 439 4111 sicut
460 4048 585 4127 umbra,
608 4069 675 4112 non
697 4048 851 4112 subsistit
900 4050 1003 4135 [Vere.
1027 4052 1073 4136 2.]

193 4173 321 4238 Memor
336 4181 406 4239 esto
419 4176 528 4260 hujus,
543 4176 694 4256 Domine,
711 4183 744 4241 et
759 4178 900 4261 ignosce,
915 4181 1054 4262 remitte,
1079 4182 1130 4246 Po.
1142 4183 1235 4247 lxxiv.
1248 4183 1298 4247 18.

238 4302 319 4369 Quae
341 4303 429 4366 enim
448 4303 574 4368 utilitas
595 4305 631 4367 in
654 4305 811 4388 sanguine
833 4327 916 4386 meo,
