2910 5002
544 413 679 476 ΕΤΧΑΙ
706 413 1040 476 ΚΑΘΗΜΕΡΙΝΑΙ.

645 698 929 764 ‘OMOAOFIAL

258 860 366 941 Οίμοι,
382 859 525 944 ἥμαρτόν
540 885 602 932 σοι,
620 859 727 946 Κύριε,
743 858 884 945 ἥμαρτόν
898 884 965 924 σοι..

296 986 343 1050 Ὠ
358 987 410 1052 οἶα
424 988 621 1067 αννεαέλαυν,

305 1117 370 1181 Καὶ
384 1115 442 1182 οὐκ
457 1117 534 1199 ἄξια
547 1116 672 1198 ἥτασάς
686 1143 735 1198 με,
752 1115 795 1180 ὦν
809 1116 959 1203 ἥμαρτον.

430 1244 524 1310 Ἀλλ’
541 1245 745 1331 ἐντρέπομαι,

260 1373 325 1438 Καὶ
339 1372 536 1460 ἀποστρέφω
552 1372 617 1437 ἀπὸ
632 1375 695 1437 τῶν
709 1371 789 1437 ὁδῶν
802 1398 864 1454 μου
874 1376 1029 1458 πονηρῶν,

260 1499 326 1565 Καὶ
341 1499 526 1586 ἐπιστρέφω
542 1499 596 1562 ἐπὶ
607 1498 665 1580 τὴν
680 1497 811 1585 καρδίαν
824 1525 896 1580 μου,

260 1625 326 1690 Καὶ
341 1627 375 1691 ἐν
389 1626 449 1709 ὅλη
463 1629 503 1709 τῇ
518 1624 631 1713 καρδία
644 1651 705 1706 μου
720 1626 904 1712 ἐπιστρέφω
921 1627 978 1690 ἐπί
990 1653 1037 1690 σε.

455 1755 520 1818 Καὶ
537 1757 617 1833 ζητῶ
632 1753 668 1818 τὸ
682 1753 861 1840 πρόσωπόν
872 1780 941 1827 σον,

501 1880 567 1946 Καὶ
581 1880 693 1963 δέομαί
705 1909 774 1956 σου,
790 1881 901 1962 λέγων,

293 2011 474 2095 Ἥμαρτον,
489 2006 642 2090 ἡνόμησα,
657 2007 805 2090 ἠδίκησα,

301 2132 394 2207 Οἶδα,
411 2132 520 2220 Κύριε,
536 2133 594 2214 τὴν
608 2132 740 2213 πληγὴν
755 2135 811 2213 τῆς
827 2131 958 2217 καρδίας
973 2159 1044 2214 μου,

347 2260 414 2325 Καὶ
429 2259 507 2339 ίδοι),
525 2260 711 2346 ε’πιστρὲφω
728 2259 785 2322 ε’πί
798 2285 836 2321 σε

387 2388 444 2452 Ἐν
459 2388 519 2471 ὅλῃ
535 2392 574 2472 τῇ
589 2386 705 2475 καρδία
718 2413 789 2469 μου,
805 2390 859 2451 καὶ

429 2515 487 2579 Ἐν
500 2516 561 2599 ὅλῃ
576 2518 616 2600 τῇ
633 2514 723 2604 ἰσχΰι
737 2542 807 2597 μον.

260 2644 325 2710 Καὶ
341 2648 395 2710 νῦν
410 2671 460 2717 συ,
478 2645 587 2731 Κύριε,
604 2645 639 2708 ἐκ
653 2648 709 2709 τοῦ
726 2646 967 2730 κατοικητηρίου
980 2671 1050 2716 σου,

300 2773 361 2836 Ἐκ
377 2773 490 2858 θρόνου
505 2772 597 2854 δόξης
612 2776 667 2852 τῆς
678 2771 851 2849 βασιλείας
866 2798 928 2836 σου
944 2774 977 2837 ἐν
992 2771 1133 2858 οὐρανοῖς

345 2901 550 2966 Είσάκονσον
565 2899 603 2982 δὴ
618 2902 674 2982 τῆς
689 2902 874 2987 προσευχῆς

389 3027 455 3092 Καὶ
470 3026 605 3109 δεήσεως
620 3031 674 3092 τοῦ
690 3025 806 3090 δούλου
822 3053 890 3099 σου,

431 3155 497 3219 Καὶ
512 3151 605 3225 ἱλεως
620 3154 688 3218 ἴσθι
703 3158 748 3240 τῷ
761 3152 866 3240 δούλῳ
879 3181 947 3228 σου,

475 3280 541 3345 Καὶ
557 3282 648 3346 ἴασαι
663 3281 722 3362 την
736 3282 853 3368 ψυχὴν
868 3281 970 3346 αὐτοῦ.

258 3405 309 3470 Οὐ
325 3409 434 3488 τολμῷ
449 3406 519 3471 οὐδὲ
534 3409 605 3477 τοὺς
620 3407 808 3493 ὀφθαλμούς
822 3435 884 3490 μου

345 3534 403 3603 Εἰς
417 3534 473 3599 τὸν
487 3533 619 3621 οὐρανὸν
634 3536 786 3622 ἐπαίρειν,

343 3662 452 3728 Ἀλλὰ
466 3662 626 3750 μακρόθεν
641 3663 741 3730 ἑστὼς

418 3790 537 3855 Τύπτω
552 3788 596 3857 εἰς
611 3789 647 3854 τὸ
662 3788 779 3870 στῆθός
793 3815 864 3869 μου,
896 3839 899 3844 .

432 3919 497 3982 Καὶ
511 3918 597 4000 λέγω
611 3918 693 3999 μετὰ
709 3920 765 3981 τοῦ
780 3918 926 3985 τελωνοῦ,

256 4043 299 4107 ‘O
316 4041 404 4121 Θεὸς,
423 4041 579 4120 ἱλάσθητί
590 4067 647 4123 μοι
661 4045 707 4126 τῷ
721 4040 911 4125 ἁμαρτωλῷ,

345 4170 398 4255 Τῷ
413 4168 596 4253 ἁμαρτωλῷ
610 4165 690 4251 ὑπὲρ
706 4166 853 4240 τελωνοῦ,

344 4294 514 4372 Ἰλιίσθητι
530 4293 640 4378 ὥσπερ
655 4296 701 4377 τῷ
716 4294 847 4372 τελωνῇ.
