2910 5002
258 425 323 488 296
529 424 698 487 PRECES
723 423 1041 489 QUOTIDIANAE.

662 616 717 700 [2.]
744 617 913 697 Supplices.

259 761 421 828 Quoniam
444 761 484 824 ad
505 762 551 824 Te
574 762 709 824 clamavi
731 768 801 825 tota
823 761 885 825 die.
930 763 1019 824 Paul.
1043 761 1160 826 lxxxvi.
1183 767 1215 826 3.

259 893 433 975 Quousque
443 891 587 982 irasceris
599 912 693 974 super
704 891 884 954 orationem
896 891 977 954 servi
987 891 1073 954 rui?
1089 891 1156 975 [Pa.
1169 891 1254 956 lxxx.
1265 891 1314 975 4.]

258 1021 365 1083 Omne
389 1018 534 1082 debitum
561 1019 669 1081 dimisi
697 1018 767 1098 tibi,
792 1019 944 1102 quoniam
970 1021 1090 1104 rogasti
1111 1021 1177 1085 Me.
1214 1021 1314 1083 Mate.

343 1147 428 1211 xviii.
452 1150 504 1211 32.

591 1335 648 1418 [a]
680 1336 761 1408 Quia
785 1337 979 1400 dimittimus.

257 1505 421 1569 Dimittite
443 1511 476 1568 ct
498 1504 725 1582 dimittemini3
773 1505 850 1570 Luc.
874 1505 916 1568 vi.
940 1507 992 1570 37.

256 1635 396 1698 Etcum
419 1632 545 1697 stabitis
567 1633 608 1697 ad
631 1633 799 1711 orandum,
822 1632 988 1713 dimittite,

299 1761 407 1845 siquid
428 1761 553 1825 habetis
575 1760 726 1825 adversus
750 1762 898 1845 aliquem,
921 1772 959 1826 ut
981 1770 1014 1827 et

256 1892 353 1954 Pater
374 1897 488 1969 vester,
512 1890 567 1974 qui
589 1891 694 1954 estin
716 1890 817 1967 coelis,
841 1891 985 1954 dimittat
1006 1891 1096 1957 vohis

341 2024 473 2102 peccata
493 2026 607 2081 vestra
654 2018 741 2081 Mar.
764 2018 808 2080 xi.
831 2022 883 2082 25.

256 2143 351 2211 Quod
381 2144 407 2206 ai
437 2164 491 2207 vos
519 2165 588 2208 non
617 2143 812 2222 dimiseritis,
839 2166 899 2208 nec
929 2147 1026 2208 Pater
1053 2152 1169 2222 vester,
1191 2144 1246 2228 qui
1275 2144 1311 2207 in

298 2270 387 2336 coelis
409 2278 469 2348 cst,
492 2269 633 2334 dimittet
655 2271 743 2335 vobis
765 2280 896 2355 peccata
917 2280 1033 2336 vestra.
1081 2272 1187 2355 [Vera.
1210 2270 1279 2354 26.]

503 2483 559 2567 [t]
587 2484 669 2556 Quia
684 2484 890 2565 proponimus
912 2485 1064 2566 deinceps.

254 2636 445 2720 Concupivit
467 2637 576 2701 anima
598 2659 671 2701 mea
693 2638 875 2702 desiderare

292 2767 538 2852 justificationes
560 2768 645 2831 'luae
666 2768 755 2831 omni
777 2775 933 2851 tempore.
978 2769 1067 2831 Paul.
1092 2768 1171 2832 cxix.
1195 2769 1249 2831 20.

253 2894 381 2958 Levabo
396 2916 511 2958 manus
526 2915 613 2957 meas
628 2895 667 2957 ad
682 2895 837 2958 mandata
851 2895 930 2975 Tua,
947 2915 1018 2978 quae
1033 2894 1138 2958 dilexi.
1169 2895 1237 2958 Ver.
1254 2897 1308 2960 48.

253 3022 346 3102 Vovi‚
357 3027 390 3086 et
400 3023 537 3086 firmiter
551 3022 660 3100 statui,
672 3030 710 3085 ut
722 3023 900 3086 custodiam
909 3023 1062 3087 mandata
1071 3023 1149 3088 Tua.
1173 3022 1241 3087 Ver.
1254 3026 1307 3087 60.

254 3149 320 3214 Qui
340 3149 453 3213 volunt
475 3149 589 3213 timere
611 3170 732 3213 nomen
754 3150 870 3213 Tuum.
915 3149 998 3216 Nea,
1019 3150 1042 3214 i.
1067 3153 1118 3215 ll.

254 3277 370 3340 Servus
393 3277 552 3360 plectetur
574 3277 629 3361 qui
655 3298 760 3360 neque
782 3278 981 3361 praeparavit,

337 3425 443 3486 neque
464 3404 551 3469 lecit.
596 3406 673 3468 Luc.
699 3406 753 3468 xii.
777 3408 830 3469 47.

452 3661 519 3744 [V.]
565 3679 608 3726 ax
629 3679 732 3726 ruam
755 3678 996 3729 cousnoonuns
1018 3679 1107 3727 mur.

599 3874 655 3957 [1.]
685 3875 780 3939 Nihil
801 3878 960 3940 commodi.

251 4041 332 4106 Quae
353 4041 478 4104 utilitas
501 4042 535 4104 in
558 4045 715 4128 sanguine
736 4068 819 4127 meo,
842 4047 930 4124 dum,

335 4168 493 4233 descendo
515 4169 550 4233 in
572 4174 835 4258 corruptionem?

247 4297 406 4379 Nunquid
440 4298 645 4363 confitebitur
667 4303 738 4367 Tibi
760 4302 873 4388 pulvis,
