2910 5002
471 439 644 503 Plancus
667 438 984 507 QUOTIDIANAE.

198 614 233 671 et
255 605 406 671 omnibus
427 627 507 690 quos
528 608 691 692 pollicitus
719 631 791 674 sum
820 611 854 674 in
885 613 1040 677 memoria

372 734 491 799 babere
513 735 549 799 in
570 736 718 819 precibus
739 737 830 816 meis,

243 861 311 928 Qui
331 860 531 925 voluntatem
552 870 734 946 promptam
755 872 919 948 acceptam
941 865 1042 930 habes

374 987 410 1050 in
432 988 522 1051 omni
543 1009 639 1072 opere
661 989 756 1068 bono,
807 991 840 1074 [l
868 993 939 1056 Cor.
961 991 1026 1055 viii.
1051 991 1118 1074 12.]

330 1117 462 1195 Eorum,
486 1115 602 1200 quibus
621 1118 711 1201 justa
733 1118 773 1182 de
795 1140 891 1183 causa

418 1242 521 1306 otium
547 1251 696 1320 nonest,

199 1369 331 1433 Memor
351 1373 430 1446 esto,
455 1366 604 1447 Do'mine,
627 1376 783 1452 tanquam
804 1369 1018 1452 precantium.

201 1623 254 1685 Tu
275 1642 450 1705 exsurgens
472 1621 673 1686 misereberis
695 1642 815 1699 eorum,
839 1623 943 1720 quiin
966 1629 1107 1686 extrema

289 1748 477 1813 necessitate
500 1755 597 1824 snnt;

205 1875 368 1942 Quoniam
388 1880 517 1957 tempus
539 1881 588 1938 est
610 1873 783 1937 miserendi
805 1895 926 1952 eorum,

286 2002 361 2084 quia
381 2001 470 2064 veuit
493 2009 639 2084 tempus;
668 2000 769 2084 [Paul.
793 2001 845 2064 cii.
871 2000 936 2083 13.]

206 2128 413 2193 Misereberis
436 2135 556 2205 autem,
580 2127 731 2205 Domine,

292 2262 446 2336 tanquam
468 2260 501 2316 et
523 2252 586 2316 mei
608 2253 644 2314 in
667 2252 821 2316 extremis
843 2252 951 2334 positi.

562 2478 740 2552 Memento,
764 2479 914 2569 Domine,

208 2629 398 2706 Infantium,
738 2627 969 2704 Esurientium,

208 2756 395 2831 Puerorum,
742 2753 939 2833 Sitientium,

207 2880 479 2970 Adolescentium,
740 2880 923 2959 Nudorum,

210 3009 384 3087 Juvenum,
741 3007 994 3089 AEgrotantium,

210 3135 374 3211 Virorum,
743 3132 960 3215 Captivorum,

212 3260 335 3323 Senum
347 3283 356 3333 ς
746 3258 1003 3340 Peregrinarum,

210 3387 332 3448 Eorum
354 3383 409 3465 qui
431 3403 470 3445 ex
492 3383 581 3446 senio
603 3383 663 3445 im·
751 3383 901 3465 Hospitio
923 3383 1098 3467 egentium,

254 3517 413 3595 potentes,
753 3510 1004 3593 Insepultorum,

211 3639 334 3702 Eorum
357 3635 412 3718 qui
434 3636 578 3699 doemone
600 3635 720 3699 obsessi
742 3643 828 3714 sunt,
850 3643 888 3701 ut
909 3636 1116 3720 impellantur
1137 3637 1177 3700 ad

255 3770 392 3825 mortem
415 3759 477 3822 sibi
499 3760 767 3839 consciscendam,

211 3888 265 3952 Ab
286 3886 462 3950 immundis
484 3885 649 3969 spiritibus
669 3887 900 3969 inquietantur,
950 3886 1036 3969 [Act.
1060 3908 1088 3950 v.
1103 3885 1180 3969 ι16.]

214 4015 476 4097 Desperatum,

215 4139 341 4204 Quibus
363 4138 471 4202 animo
492 4159 576 4221 aegre
599 4145 648 4202 est
670 4139 720 4202 vel
742 4158 884 4220 corpore,

215 4264 507 4342 Pusillanimorum,

1212 444 1254 505 63
