2910 5002
195 426 261 488 410
470 423 637 487 PRECES
665 421 986 488 QUOTIDIANAE‘.

371 601 410 656 ut
431 592 541 656 oeulos
563 613 651 656 meos
674 591 714 654 ad
736 592 782 655 'Pe

459 720 605 803 dirigam.
646 772 650 779 .

200 849 359 932 Indignus
381 849 437 931 qui
460 848 606 931 dirigam,
630 847 686 909 sed

372 974 508 1058 dirigam
530 982 652 1037 tamen.

200 1103 289 1165 Paul.
312 1122 401 1166 cxxx.
425 1103 457 1165 2.
503 1103 552 1165 De
576 1099 742 1184 profundis
766 1099 899 1162 clamavi
921 1098 962 1161 ad
984 1099 1038 1173 Te,
1063 1099 1214 1163 Domine
1226 1122 1241 1175 3

416 1230 567 1302 Domine,
591 1228 706 1293 exaudi
728 1248 839 1291 vocem
862 1249 978 1291 meam.

419 1358 453 1422 Si
475 1357 662 1441 iniquitates
685 1356 910 1434 observaveris,

406 1486 566 1564 Domine,
590 1485 740 1563 Domine,
765 1484 837 1567 quis
860 1483 1058 1572 sustinebit?

415 1615 470 1678 Ne
491 1614 592 1677 intres
614 1614 649 1676 in
667 1612 824 1697 judicium
847 1632 920 1675 eum
944 1632 1034 1675 servo

417 1741 497 1818 Tuo,
521 1741 672 1823 quoniam
697 1741 731 1802 in
754 1747 928 1823 conspectu
951 1740 1021 1804 Tuo
1044 1760 1111 1802 non

413 1865 646 1948 justificabitur
667 1867 773 1931 omnis
794 1867 913 1929 vivens

202 1995 341 2057 Provoeo
363 1993 474 2075 igitur,
498 1993 648 2072 Domine,
670 2017 688 2056 a
710 1995 757 2057 Te

416 2121 457 2185 ad
479 2123 535 2200 Te,

201 2250 233 2313 A
254 2249 299 2312 'Pe
318 2249 420 2332 justo,
488 2280 490 2284 ⁴

374 2377 426 2440 Ad
449 2378 494 2440 'Pe
516 2377 766 2454 misericordem,

201 2506 228 2564 A
254 2502 332 2566 solio
350 2504 495 2587 justitiae,

372 2632 424 2695 Ad
447 2631 601 2695 thronum
624 2632 747 2714 gratiae,

200 2761 229 2822 A
251 2759 297 2822 'Pe
315 2759 437 2842 judice,

371 2887 425 2950 Ad
447 2887 492 2950 rPe
514 2887 548 2949 in
571 2887 700 2952 Christo
723 2888 862 2952 Patrem.

197 3013 355 3087 Admitte,
379 3015 528 3093 Domine,
552 3014 712 3098 placidam
734 3017 990 3098 provocationem
1013 3016 1109 3079 haue.

285 3141 331 3204 Ni
354 3142 530 3220 admiseris,
554 3143 706 3226 perimus.

199 3269 252 3346 Et,
277 3270 426 3345 Domine,
450 3269 491 3332 ad
513 3271 559 3333 Te
581 3293 647 3334 nou
670 3271 819 3353 pertinet,
845 3272 871 3333 si

328 3398 493 3480 perimus?
541 3399 658 3481 [Marc.
683 3399 724 3461 iv.
748 3399 817 3481 28.]

203 3524 218 3585 l
247 3522 323 3584 mm.
348 3521 380 3585 ii.
403 3524 434 3584 4.
546 3523 608 3587 Qui
634 3544 746 3586 omnes
768 3524 814 3585 vis
837 3524 952 3603 salvos,

199 3651 311 3714 2Pet.
335 3651 381 3715 iii.
404 3653 435 3714 9.
548 3651 612 3717 Qui
636 3651 798 3715 neminem
820 3656 867 3715 vis
890 3653 1004 3736 perire.
1115 3674 1118 3679 ’

255 3907 283 3968 1.
308 3908 413 3985 Certe,
432 3908 578 3982 Domine,
594 3908 682 3971 Tuus
705 3929 788 3979 sum,

202 4033 288 4094 Paul.
313 4033 393 4095 cxix.
417 4037 468 4097 94.
588 4056 684 4117 quare
707 4057 798 4099 serva
823 4055 884 4099 me.

302 4158 446 4222 cxxxviii.
464 4161 513 4222 10.
546 4162 635 4243 Opus
668 4149 839 4225 manuum
859 4164 1011 4242 Duarum,
1049 4183 1101 4241 ne,
1138 4182 1261 4247 quaeso,

202 4283 275 4366 Sap.
297 4285 339 4347 xi.
363 4288 415 4348 25.
591 4287 781 4369 despexeris.
