2910 5002
445 448 615 512 PRECES
640 446 959 512 QUOTIDIANAE.

393 827 631 911 [OFFICIUM
658 825 1009 909 VESPERTINUM]

435 1017 500 1081 DIE
522 998 695 1094 transacta,

263 1145 336 1226 Ago
357 1143 418 1207 tibi
441 1143 571 1226 gratias,
595 1144 744 1207 Domine.

349 1271 595 1354 Appropinquat
618 1291 760 1353 vespera,

264 1398 387 1461 Laetam
410 1397 498 1461 illam
522 1397 670 1460 concede.

180 1523 271 1587 Sicut
295 1524 357 1587 diei
379 1545 518 1607 vespere,

264 1654 311 1717 sic
333 1660 381 1716 est
403 1661 436 1716 et
458 1654 542 1716 vitre.

122 1803 129 1811 ·
178 1780 265 1844 Vitae
286 1801 427 1863 vespera,
451 1786 611 1856 senectus,

264 1907 431 1990 occupavit
453 1928 505 1970 me
528 1913 690 1982 senectus,

221 2034 345 2098 Iraetam
366 2033 454 2097 illam
478 2032 627 2096 concede.

178 2163 231 2226 Ne
254 2161 402 2246 projicias
424 2182 477 2224 me
498 2161 534 2223 in
556 2168 701 2243 tempore
723 2147 909 2236 senectutis}

266 2312 341 2354 cum
364 2289 515 2353 defecerit
538 2289 639 2352 virtus
662 2309 745 2366 mea,

350 2437 392 2480 ne
416 2437 467 2479 me
490 2415 702 2498 derelinquas.
748 2417 840 2482 Psol.
864 2415 940 2479 lxxi.
963 2415 994 2479 9.

107 2521 110 2528 ¹
181 2542 295 2624 Usque
318 2541 358 2605 ad
381 2550 543 2605 senectam
566 2549 634 2605 esto
656 2542 794 2625 tuipse,

267 2683 300 2738 et
322 2696 422 2759 usque
445 2676 485 2738 ad
508 2697 604 2740 canos
627 2682 719 2760 porta
740 2698 793 2739 me
804 2701 813 2752 ;

181 2803 231 2865 'Pu
252 2803 362 2881 facias,
386 2810 419 2866 et
441 2811 479 2866 tu
500 2803 593 2882 feras,

268 2933 318 2995 Tu
339 2931 491 3014 portabis,
515 2941 547 2995 et

312 3058 447 3122 salvabis
468 3080 530 3137 me,
556 3059 704 3123 Domine.
753 3059 808 3144 [Ia.
832 3059 906 3124 xlvi.
929 3060 977 3143 4.]

184 3186 284 3249 Mane
305 3207 443 3265 mecum,
468 3187 616 3260 Domine,

270 3314 422 3397 quoniam
444 3315 688 3398 advesperascit,
733 3317 811 3380 Luc.
834 3315 916 3380 niv.
940 3319 992 3381 29.

183 3441 227 3504 Et
249 3441 413 3505 inclinata'
427 3449 478 3506 est
496 3443 565 3525 jam
587 3443 654 3507 dier

248 3569 434 3634 .laboriosae
456 3571 553 3654 hujus
575 3571 659 3636 vitre.
704 3573 816 3635 Jerem.
841 3572 883 3636 vi.
906 3575 937 3635 de

184 3698 374 3762 Perficiatur
395 3699 497 3763 virtus
519 3707 577 3763 tua

314 3827 349 3890 in
371 3827 560 3892 infirmitate
582 3850 663 3892 mea.
709 3833 730 3893 2
756 3831 827 3893 Gor.
849 3828 903 3891 xii.
925 3830 957 3891 9.

52 4109 59 4123 ·
186 4079 276 4142 Abiit
299 4079 456 4144 decedens
478 4082 556 4159 dies,

273 4205 340 4268 abit
361 4213 394 4269 et
415 4207 490 4284 vita,

404 4334 481 4396 Vita
503 4334 635 4398 minime
656 4336 772 4403 vitalis.
