2910 5002
257 439 277 497 6
541 435 677 497 ΕΤΧΑΙ
702 435 1036 498 ΚΑΘΗΜΕΡΙΝΑΙ.

256 618 365 684 Ἀλλά
379 620 472 702 λόγοι
486 619 624 700 ἀνομιῶν
639 618 924 706 ὑπερεδυνάμωσαν
940 620 1005 701 ἐμὲ,

343 748 420 815 Ταῖς
435 746 605 834 ἁμαρτίαις
619 772 681 827 μου
696 746 738 812 σε)
754 745 861 830 ιλάσῃ.

260 872 367 959 Κύριε,
384 873 426 938 τοὶ
440 872 537 961 χείλη
552 899 616 955 μου
632 872 776 954 ἀνοίξεις,

302 997 368 1062 Καὶ
382 997 419 1062 τὸ
434 997 540 1079 στόμα
553 1023 616 1079 μου
630 996 803 1078 ἀναγγελεῖ
816 997 873 1079 τήν
887 997 1010 1061 αἴνεσίν
1025 1022 1095 1061 σου.

256 1123 350 1206 Ἔιγῶ·
365 1123 399 1187 δὲ
415 1125 448 1188 ἐν
462 1127 508 1209 τῷ
522 1123 642 1204 πλήθει
664 1127 720 1188 τοῦ
743 1122 850 1193 ἐλέους
872 1149 932 1188 σου
951 1122 1178 1206 εἰσελεύσομαι
1197 1125 1241 1197 εἰς
1256 1125 1312 1190 τόν

299 1249 385 1315 οῖκόν
400 1278 467 1324 σου,
489 1251 707 1337 προσκυνήσω
727 1277 767 1316 σε
783 1251 863 1339 πρὸς
883 1251 959 1316 ναόν
978 1252 1071 1335 θτγιόν
1087 1280 1148 1318 σου
1170 1254 1203 1318 ἐν
1217 1252 1310 1341 φόβρ

299 1404 367 1443 σον.

257 1503 472 1580 Είσάκονσον,
504 1503 612 1590 Κύριε,
642 1508 698 1585 τῆς
727 1509 834 1591 φωνῆς
862 1511 919 1587 τῆς
941 1505 1077 1588 δεήσεως
1103 1507 1180 1590 ἐμῆς
1208 1509 1242 1573 ἐν
1266 1513 1312 1596 τῷ

300 1630 432 1696 δέεσθαί
450 1656 490 1711 με
504 1629 584 1716 πρός
599 1656 646 1710 σε,
664 1632 698 1695 ἐν
712 1635 757 1717 τῷ
772 1633 872 1719 αἴρειν
885 1658 926 1714 με
948 1632 1004 1702 τὰς
1022 1633 1132 1721 χεῖράς
1153 1661 1216 1715 μου
1229 1635 1311 1722 πρὸς

302 1761 376 1824 ναόν
391 1757 482 1841 ἅγιόν
496 1785 566 1823 σου.

255 1885 567 1968 ’Τπολαμβάνωμεν
594 1885 611 1949 ὁ
637 1885 725 1960 Θεὸς,
751 1886 787 1950 τό
809 1885 898 1955 ἔλεός
922 1913 982 1951 σον
1005 1888 1039 1952 ἐν
1059 1887 1149 1975 μέσῳ
1167 1892 1213 1975 τῷ
1232 1890 1310 1975 οἴκῳ

300 2039 368 2077 σου.

257 2137 434 2220 Μνήσθητι
470 2142 533 2203 τῶν
561 2138 786 2226 περιεστώτων
814 2139 890 2221 ήμῖν
918 2139 1075 2226 ἀδελφῶν,
1107 2140 1161 2205 καὶ
1198 2166 1309 2206 συνευ-

299 2263 445 2352 χομένων
457 2264 535 2345 ἡμῖν
549 2265 581 2329 ἐν
596 2268 635 2349 τῇ
660 2265 725 2353 ὥρα
739 2265 848 2348 ταύτῃ.

256 2391 432 2473 Μνήσθητι
447 2396 505 2474 τῆς
520 2393 701 2478 προθυμίας
716 2393 769 2458 καῖ
784 2396 840 2472 τῆς
856 2392 998 2475 σπουδῆς
1013 2392 1125 2458 αὐτῶν.

256 2519 429 2602 Μνήσθητι
447 2518 502 2584 καὶ
523 2522 586 2584 τῶν
609 2518 648 2584 δι’
675 2517 825 2601 εὐλόγους
842 2519 946 2589 αἰτίας
965 2518 1238 2601 ἀπολειφθέντων,
1257 2519 1311 2584 καὶ

298 2647 434 2727 ἐλέησον
444 2645 556 2715 αὐτους
577 2646 632 2710 καὶ
646 2645 729 2726 ἡμᾶς
744 2646 828 2710 κατὰ
843 2646 880 2710 τὸ
894 2646 1021 2727 πλῆθος
1040 2644 1098 2711 τοῦ
1114 2645 1221 2716 ἐλέους
1239 2674 1309 2728 σου,

299 2774 408 2860 Κύριε.

255 2901 499 2987 Μακαρίσωμεν
527 2900 599 2968 τούς
636 2898 778 2978 εὐσεβεῖς
815 2899 985 2977 βασιλέας,
1020 2900 1093 2969 τούς
1122 2899 1310 2987 ὀρθοδόξους

298 3026 468 3119 ἀρχιερεῖς,
480 3024 551 3092 τοὺς
568 3024 738 3110 κτίστορας
753 3027 808 3088 τοῦ
824 3023 915 3104 ἀιγίου
930 3024 1309 3112 φροντιστήριουτοθτον.

341 3152 431 3234 Δόξα
442 3178 505 3231 σοι,
523 3150 632 3237 Κύριε,
649 3150 728 3233 δόξα
742 3176 803 3223 σοι,

254 3279 344 3361 Δόξα
359 3306 412 3343 σοι
426 3283 472 3367 τῷ
485 3278 649 3362 δοξάζοντι
664 3261 787 3352 αὖτοὺς,

254 3405 311 3470 Ἐν
326 3406 371 3474 οῖς
386 3405 441 3469 καὶ
455 3405 544 3488 ἡμεῖς
560 3432 600 3471 σε
612 3382 788 3488 δοξάζομεν.

251 3533 426 3599 Ἔστωσαν
451 3532 483 3597 οἱ
506 3531 672 3619 ὀφθαλμοί
693 3560 754 3597 σου
780 3532 980 3619 ἀνεῳγμένοι,
1003 3534 1057 3597 καὶ
1085 3532 1128 3597 τά
1149 3532 1218 3598 ὦτά
1247 3561 1309 3599 σου

299 3660 430 3742 ἐπήκοα,
453 3663 509 3725 τοῦ
529 3659 666 3726 ἀκοῦσαι
689 3665 745 3741 τής
768 3662 963 3746 προσευχῆς,
987 3658 1024 3740 ἧς
1047 3659 1266 3748 προσεύχεται
1290 3661 1307 3726 ὁ

298 3790 374 3856 παῖς
388 3811 450 3851 σου
464 3784 508 3855 εἰς
522 3785 577 3850 τόν
598 3785 698 3851 τόπου
712 3790 831 3858 τοῦτον,
849 3784 885 3850 οὗ
901 3785 1067 3867 ἐπεκλήθη
1081 3787 1118 3851 τὸ
1132 3786 1232 3868 ὄνομά
1247 3813 1308 3851 σου

298 3912 369 3975 ἐκεῖ
