2910 5002
260 448 300 510 72
537 446 673 508 E'rxAl
699 443 1035 509 ΚΑΘΗΜΕΡΙΝΑΙ.

345 611 407 678 Τίν
428 612 527 678 αίῶνά
550 638 612 694 μου
634 612 677 681 εἰς
700 611 869 698 φωτισμὸν
890 614 947 675 τοῦ
969 610 1148 696 προσώπου
1170 635 1240 674 σου·

257 739 352 805 Ἀλλ’
376 741 458 826 ἄφες
480 740 538 821 τὴν
559 738 693 822 ἀνομίαν
714 742 761 825 τῷ
782 737 886 822 δούλῳ
905 762 975 810 σου,

302 868 386 933 κατὰ
408 866 444 932 τό
466 866 550 948 μέγα
571 865 659 934 ἔλκύς
682 890 753 940 σου,

301 992 449 1078 καθάπερ
472 991 565 1061 ίλκως
588 989 695 1072 ἐγένου
717 987 803 1075 αύτῷ
823 985 888 1052 ἀπὸ

158 1188 163 1199 ,
346 1118 499 1204 βρέφους,
524 1116 579 1181 καί
600 1115 659 1185 ἕως
681 1118 738 1179 τοῦ
760 1111 822 1178 νῦν.

120 1241 121 1244 ’
249 1239 431 1327 Ἥμαρτον·
454 1239 490 1304 τί
509 1236 690 1320 δυνήσομαί
708 1263 764 1304 σοι
785 1241 919 1326 πρᾶξαι,

387 1365 412 1431 (ί
435 1365 545 1452 φύλαξ
567 1364 744 1452 ἀνθρώπων
756 1394 766 1440 ,·

257 1493 323 1559 Διὰ
343 1495 378 1560 τί
396 1493 470 1559 ἔθου
491 1520 533 1574 με
554 1494 782 1574 κατεντευκτήν
804 1519 880 1569 σοι,·

302 1619 367 1701 εἰμί
388 1618 422 1684 δὲ
442 1618 498 1687 ἐπὶ
519 1619 575 1700 μοὶ
596 1619 757 1706 φορτικός.

253 1747 311 1828 Ὦ,
333 1749 419 1814 ποίει
441 1752 496 1830 τῆς
518 1747 652 1829 ἀνομίας
673 1773 735 1830 μου
756 1745 869 1830 λήθην,

301 1877 357 1940 καί
378 1875 579 1962 καθαρισμὸν
600 1878 657 1971 τῆς
678 1873 836 1961 ἁμαρτίας
856 1899 928 1956 μου.

257 2001 370 2070 Σῶσον
406 1999 464 2082 τήν
500 2000 624 2087 ψυχήν
651 2025 714 2080 μου
750 2003 806 2064 τού
840 2000 886 2081 μή
923 1999 1033 2065 ἐλθεῖν
1067 1999 1112 2068 είς
1148 1999 1217 2063 δια-

387 2125 518 2212 φθοράν

345 2249 443 2336 Εὖρος
464 2250 529 2338 γὰρ
552 2253 586 2315 ἐν
608 2249 634 2338 φ
657 2249 846 2337 ἐξιλασθῇς.

267 2374 416 2454 Ελίησόν
435 2401 485 2457 με,
508 2373 556 2439 υἱὲ
577 2373 695 2454 Δαβίδ,
719 2375 830 2461 Κύριε,
852 2374 969 2455 βοήθει
990 2400 1054 2455 μοι·

299 2502 376 2576 Ναὶ,
399 2499 425 2567 ὤ
448 2499 556 2588 Κύριε,
579 2501 697 2567 καὶτὰ
719 2501 855 2588 κυνάρια
877 2500 983 2569 ἐσθίει

342 2626 409 2695 ἀπὸ
428 2631 494 2696 τῶν
514 2627 642 2717 φιχύυν
663 2631 727 2695 τῶν
747 2626 934 2695 πιπτόντων

343 2752 410 2821 ἀπὸ
430 2758 486 2839 τῆς
508 2752 665 2840 τραπέζης
686 2757 751 2820 τῶν
770 2753 889 2840 κυρίων
910 2751 1022 2818 αὐτῶν.

257 2878 522 2966 Μακροθύμησον
543 2877 592 2947 ἐπ’
616 2877 698 2961 ἐμαί,
723 2877 832 2965 Κύρικ,

298 3002 484 3087 μᾶλλονδὲ
507 3001 563 3068 ούκ
584 3001 651 3090 ἔχω
673 3027 705 3066 τι
729 2999 913 3077 ἀποδοῦναι,

516 3127 664 3211 ὁμολογῶ
687 3153 749 3192 σοι·

258 3255 340 3341 ἄφες
360 3281 417 3336 μοι
437 3257 551 3320 πᾶσαν
572 3256 630 3337 τήν
652 3253 796 3341 ὀφειλὴν,
819 3257 1002 3342 παρακαλῶ
1025 3278 1073 3319 σε.

259 3508 302 3572 α’.
340 3508 428 3578 Ἕως
450 3507 540 3586 πότε,
565 3507 673 3595 Κύριε,
698 3509 843 3592 ἐπιλήσῃ
865 3535 928 3590 μου
951 3507 994 3578 εἰς
1016 3506 1130 3583 τέλος;

344 3634 402 3706 ἕως
423 3635 504 3701 πότε
525 3633 742 3721 ἀποστρέφεις
764 3634 801 3700 τὸ
822 3633 1000 3719 πρόσωπόν
1022 3660 1083 3698 σου
1106 3631 1162 3699 ἀπ’
1186 3634 1286 3714 ἐμούς

257 3761 303 3840 θ.
339 3761 428 3833 Ἕως
449 3764 532 3834 τίνος
554 3762 696 3844 θήσομαι
717 3762 844 3841 βουλὰς
867 3764 900 3828 ἐν
921 3765 1020 3851 ψυχῇ
1040 3787 1111 3843 μου,

300 3887 410 3960 ὀδύνας
431 3890 465 3954 ἐν
486 3888 601 3978 καρδία
621 3915 682 3971 μου
703 3889 822 3973 ἡμέρας
843 3890 897 3955 καί
918 3888 1051 3964 νυκτύς;

249 4015 338 4085 Ἕως
359 4016 441 4081 πότε
461 4015 676 4103 ύφωθήσεται
698 4016 715 4080 ὁ
735 4015 856 4104 ἐχθρός
877 4042 940 4098 μου
965 4015 1016 4082 ἐπ’
1039 4016 1116 4097 ἐμέ,·

256 4143 296 4225 γ’.
341 4141 552 4228 Ἐπίβλεφον
574 4141 628 4207 καὶ
649 4141 842 4211 εἰσάκουσόν
862 4169 934 4226 μου,
958 4143 1068 4229 Κύριε,

269 4341 272 4347 ,
301 4269 318 4334 ὁ
340 4268 422 4339 Θεός
441 4295 513 4351 μου,
535 4268 678 4354 φύτισον
700 4268 772 4338 τούς
793 4267 979 4354 ὀφθαλμούς
999 4294 1070 4350 μου,
