2910 5002
464 445 633 512 Pascua
659 445 977 514 QUOTIDIANAE.
1183 447 1245 510 431

491 827 751 893 MATUTINAE
774 826 958 894 PRECES.

193 1001 282 1065 Paul.
304 999 400 1081 lxxiv.
424 1000 455 1062 6.
496 998 641 1074 Domum,
664 999 753 1061 Tuus
775 1005 825 1062 est
847 997 924 1076 dies,
948 1006 983 1061 et
1003 998 1074 1062 'lbra
1095 1005 1145 1062 est
1170 1018 1245 1077 nox,

451 1127 501 1190 ‘Pu
522 1125 696 1189 fabricatus
716 1145 751 1188 es
773 1146 921 1189 auroram
942 1132 976 1188 et
997 1125 1106 1190 solem.

258 1255 339 1319 oxix.
362 1255 415 1318 81.
496 1254 709 1319 Ordinatione
744 1254 814 1317 Tua
842 1261 1023 1338 perseverat
1058 1252 1137 1331 dies,
1170 1274 1246 1317 nam

452 1377 560 1441 omnia
581 1376 654 1441 Tibi
676 1377 827 1441 serviunt.

301 1506 344 1570 lv.
368 1508 419 1571 17.
497 1505 648 1587 Vespere,
672 1525 776 1582 mane,
799 1511 833 1568 et
854 1503 998 1582 meridie,
1020 1503 1127 1581 orabo,
1149 1503 1247 1586 idque

457 1631 626 1709 instanter,
648 1638 682 1694 et
706 1631 766 1708 Tu,
791 1630 941 1710 Domine,
965 1629 1113 1695 exaudies
1135 1651 1246 1695 vocem

451 1757 605 1823 orationis
626 1778 716 1822 meaa
790 1808 792 1812 ⁴

336 1906 364 1949 v.
389 1887 419 1948 3.
501 1883 554 1949 Ad
569 1885 625 1963 Te,
640 1885 790 1963 Domine,
806 1883 915 1961 orabo,
928 1905 1024 1948 mane
1039 1882 1149 1948 astabo
1163 1883 1247 1963 rlibi,
1334 1874 1341 1885 ’

452 2018 485 2075 et
506 2011 656 2075 exaudies
677 2033 788 2076 vocem
810 2032 926 2076 meam.

497 2137 692 2201 Benedictus
726 2158 760 2200 es
796 2137 856 2215 uu,
894 2136 1045 2214 Domine,
1076 2136 1131 2220 qui
1169 2159 1246 2204 oon-

269 2264 344 2349 [oiv.
360 2263 428 2350 30.]
454 2264 551 2329 vertis
568 2263 604 2326 in
623 2284 718 2327 mane
739 2261 899 2341 tenebras,
922 2270 956 2328 et
977 2283 1111 2328 renovas
1132 2263 1247 2328 faciem

454 2398 558 2456 terra.

304 2518 365 2584 xci.
389 2522 419 2582 5.
498 2518 563 2585 Qui
592 2517 735 2582 liberasti
763 2538 823 2582 nos
844 2538 864 2582 a
885 2526 1007 2582 terrore
1036 2524 1205 2598 nocturno,
1229 2540 1249 2582 a

369 2644 428 2730 [6.]
452 2645 584 2729 negotio
605 2643 848 2728 perambulante
870 2644 908 2711 in
926 2643 1087 2720 tenebris3

288 2770 368 2855 [xiii.
383 2770 431 2855 3.]
496 2770 561 2837 Qui
589 2769 779 2833 illuminasti
807 2769 916 2835 oeulos
945 2778 1083 2850 nostros,
1115 2793 1159 2837 ne
1189 2771 1248 2836 ob·

455 2895 617 2960 dormiant
638 2895 674 2958 in
695 2902 810 2960 morte.

266 3024 387 3090 cxxxiv.
401 3027 434 3089 4.
503 3023 568 3090 Qui
597 3024 735 3088 transire
767 3024 871 3088 fecisti
900 3045 1048 3096 somnum
1077 3023 1118 3088 ab
1149 3024 1250 3089 oeulis

454 3149 582 3227 nostris,
629 3157 664 3213 et
711 3147 970 3214 dormitationem
1018 3132 1046 3215 a'
1088 3150 1249 3235 palpebris
1330 3129 1334 3133 ⁴

455 3277 583 3342 nostris.

196 3409 242 3475 Is.
264 3409 337 3474 xliv.
360 3409 413 3472 22.
503 3405 594 3484 Delo,
618 3405 770 3484 Domine,
791 3412 831 3469 ut
859 3406 979 3471 nubem
1004 3406 1109 3471 noctis
1132 3406 1250 3491 iniqui-

455 3539 540 3597 tates
561 3538 697 3612 nostras,
718 3540 751 3596 et
773 3531 866 3617 quasi
887 3532 1079 3598 matutinam
1099 3533 1250 3598 nebulam

456 3667 587 3743 peccata
608 3667 727 3724 nostra.

200 3792 217 3853 1
246 3791 349 3854 l'beas.
371 3810 400 3852 v.
425 3791 454 3850 5.
501 3788 566 3850 Fae
586 3808 645 3850 nos
667 3787 749 3849 filios
771 3785 846 3865 diei,
869 3793 903 3849 et
924 3785 1014 3850 lucis.

201 3915 303 4000 [Roas.
319 3915 384 3980 xiii.
404 3911 470 3996 13.]
499 3913 560 3992 Da,
576 3918 614 3975 ut
636 3919 723 3975 caste
745 3931 782 3975 ao
806 3910 911 3977 sobrie
933 3911 1143 3992 ambulemus,
1167 3913 1252 3979 siout

458 4042 494 4105 in
516 4041 578 4105 die.

205 4168 265 4250 [Te
286 4167 412 4250 Deum]
502 4167 656 4251 Dignare,
672 4166 823 4246 Domine,
838 4185 898 4231 nos
920 4165 1016 4231 hodie
1035 4165 1155 4251 absque
1177 4189 1252 4251 pec·

459 4301 533 4357 cato
554 4293 724 4358 custodire.
