2910 5002
471 432 643 497 PRECES
668 431 988 499 QUOTIDIANAE.
1218 436 1261 499 29

242 599 382 666 Custodi
404 600 528 666 animas
550 609 687 681 nostrae,

376 730 470 814 Rogo
489 736 534 810 te,
557 729 709 795 Domine.

198 854 366 923 conserva
387 857 459 921 sine
480 866 612 942 peceato
633 864 667 921 et
688 858 850 922 eonstitue
871 858 1094 923 immaculatos

334 986 379 1051 In
399 994 574 1070 conspeetu
594 985 705 1070 gloriae
726 994 801 1064 tuae,
845 986 921 1049 Jud.
944 987 998 1050 24.

379 1113 421 1177 In
442 1111 496 1177 die
516 1112 591 1176 isto.
634 1112 656 1175 2
681 1112 758 1175 Ίϊηι.
781 1111 804 1177 i.
828 1112 880 1175 18.

204 1364 342 1429 Custodi
363 1364 484 1430 exitum
506 1386 617 1430 meum
639 1373 673 1431 et
693 1367 865 1430 introitum
887 1373 1008 1444 m'eum,

291 1494 343 1558 Ex
363 1493 425 1558 hoe
446 1514 534 1559 nunc
556 1502 590 1559 et
611 1516 712 1579 usque
733 1495 770 1558 in
792 1495 953 1559 saeculum.
999 1495 1055 1559 Pe.
1076 1493 1157 1558 cxxi.
1178 1497 1209 1558 8.

205 1618 319 1703 Dirige
340 1642 467 1687 servum
489 1629 584 1687 tuum
604 1622 712 1702 hodie,
735 1629 769 1686 et

250 1749 304 1813 Da
324 1748 356 1814 ei
376 1749 628 1815 misericordiam
650 1756 725 1813 ente
742 1758 960 1839 'oecurrentee
1005 1750 1088 1813 Neh.
1110 1750 1132 1814 i.
1158 1755 1209 1814 11.

206 1875 307 1955 Dens,
329 1878 365 1940 in
387 1870 582 1962 adjutorix'xm
604 1899 714 1942 meum
735 1878 880 1957 intende,

251 2002 402 2084 Domine,
424 2004 465 2068 ad
488 2005 706 2089 adjuvandum
727 2026 780 2068 me
802 2004 928 2084 festina,
973 2006 1062 2067 Peal.
1085 2004 1147 2068 lxx.
1173 2007 1203 2068 1.

208 2131 345 2216 Respice
366 2131 402 2197 in
423 2153 487 2213 me,
509 2139 542 2197 et
563 2133 714 2197 miserere
735 2132 810 2210 mei,

296 2259 349 2322 Da
368 2258 541 2343 imperium
562 2267 657 2323 tuum
678 2281 779 2343 puero
799 2266 868 2338 tuo,

295 2388 341 2452 Et
362 2389 485 2452 salvum
505 2389 558 2452 fac
579 2389 683 2452 filium
706 2388 831 2451 ancillae
852 2396 927 2451 tuae.
973 2390 1062 2451 Peal.
1077 2388 1194 2450 lxxxvi.
1214 2392 1264 2453 16.

209 2516 275 2579 Fac
300 2536 428 2580 meeum
450 2515 579 2600 signum
600 2516 790 2593 iubenum,

253 2642 308 2708 Ne
329 2641 509 2706 confundar
529 2642 565 2707 in
586 2650 760 2726 conspectu
782 2660 904 2718 eorum,

297 2770 354 2855 qui
375 2769 514 2834 oderunt
535 2791 606 2833 me:

298 2898 461 2967 Quoniam
482 2906 530 2977 tu,
554 2898 704 2971 Domine,
728 2895 879 2980 adjuvisti
900 2918 963 2975 me,

342 3028 387 3090 Et
408 3025 589 3091 consolatus
610 3047 644 3090 es
666 3046 728 3090 me.
779 3025 865 3088 Vere.
890 3028 941 3090 17.
