2910 5002
239 444 303 506 292
516 437 686 502 Paucas
711 433 1027 502 QUoflDIANAE.

286 605 447 673 Dominus
469 606 596 689 patiens
617 612 650 669 et
672 605 784 667 multae
806 602 1042 680 misericordiae,
1065 600 1214 665 auferens
1236 601 1302 664 ini-

332 735 490 819 quitatem
513 742 546 797 et
569 733 699 796 scelera.
743 731 839 793 Nam.
861 730 924 793 xiv.
950 728 1030 814 [ln]
1056 731 1108 793 18.

602 970 659 1054 [3.]
683 970 805 1032 Nomen
827 970 955 1031 Patria.

246 1120 398 1186 Ascendo
421 1119 461 1183 ad
483 1120 614 1182 Patrem
636 1117 761 1195 Meum,

433 1254 467 1311 et
489 1249 619 1310 Patrem
641 1252 794 1308 vestium.
838 1244 890 1307 Jo.
913 1265 965 1306 xx.
990 1247 1042 1308 17.

250 1377 347 1440 Pater
368 1375 426 1438 filii
447 1374 582 1458 prodigi.
626 1374 705 1436 Lac.
729 1394 780 1436 xv.
803 1374 857 1434 20.

336 1504 381 1566 Et
403 1501 480 1586 quid
502 1503 559 1565 fiet
580 1500 705 1565 nomini
726 1521 845 1583 magno
867 1499 962 1563 Tuo?
1010 1497 1113 1583 [Josa.
1135 1497 1189 1562 vii.
1212 1498 1259 1582 9.]

605 1734 661 1822 [d]
685 1739 807 1801 Nomen
832 1738 960 1800 Christi.

251 1885 368 1968 Agnus
390 1883 425 1947 in
447 1890 535 1968 typo.
580 1884 664 1947 Ecce
685 1884 800 1967 Agnus
823 1883 906 1947 Dei!
951 1881 1002 1946 Jo.
1026 1882 1048 1946 i.
1069 1883 1123 1946 29.

254 2011 461 2094 Redemptor.
487 2010 561 2074 Scio
573 2009 659 2094 quod
672 2011 868 2094 Redemptor
884 2032 975 2075 meua
984 2010 1074 2074 vivit.
1096 2009 1166 2074 Job.
1179 2009 1241 2073 xix.
1255 2011 1309 2073 25.

253 2139 415 2203 Servatur.
477 2138 604 2202 Scimus
634 2139 710 2222 quia
738 2139 792 2202 hic
827 2146 876 2203 eat
904 2161 978 2204 vere
1009 2138 1155 2203 Salvator
1183 2136 1310 2201 mundi.

341 2267 392 2329 Jo.
416 2266 458 2328 iv.
481 2267 536 2330 42.

256 2394 427 2459 Mediator.
471 2395 565 2458 Unus
581 2394 744 2458 Mediator
758 2395 821 2459 Dei
836 2401 869 2459 et
883 2395 1062 2460 hominum.
1104 2393 1216 2458 iram.
1227 2390 1261 2456 ii.
1277 2392 1310 2455 ὅ.

257 2521 453 2586 Advocatus.
476 2522 680 2587 Advocatum
695 2522 851 2587 habemus
867 2523 952 2608 apud
968 2524 1110 2599 Patrem.
1133 2521 1215 2587 lJo.
1227 2520 1264 2584 ii.
1282 2523 1312 2582 l.

302 2650 508 2714 Interoesaor.
559 2650 653 2734 [Heb.
676 2650 730 2714 vii.
752 2650 822 2733 25.]

302 2778 462 2842 Pontifex.
512 2777 616 2861 [Vera.
641 2779 710 2860 26.]

534 3034 592 3118 [5.]
616 3035 737 3097 Nomen
764 3034 903 3116 spiritua
925 3035 1046 3100 Sancti.

262 3171 421 3235 Columba
451 3171 486 3233 in
516 3177 605 3256 typo.
662 3171 753 3235 Vidit
784 3171 941 3254 Spiritum
971 3172 1033 3236 Dei
1067 3169 1316 3235 deseendentem

306 3298 389 3362 sicut
411 3298 602 3363 columbam.
648 3300 745 3362 Matt.
769 3298 815 3362 iii.
840 3302 890 3362 16.

264 3423 488 3507 Unguentum,
499 3426 563 3489 aive
574 3425 706 3490 Unctio.
721 3425 812 3489 Siout
822 3424 1005 3489 Unotiovos
1015 3424 1119 3489 docet.
1133 3426 1210 3488 lJo.
1221 3424 1253 3488 ii.
1262 3425 1316 3489 27.

264 3552 464 3617 Consolator.
495 3553 528 3616 Si
538 3575 605 3618 nou
615 3553 733 3632 abiero,
743 3553 928 3617 Paracletus
936 3574 1003 3618 non
1011 3552 1129 3617 veniet.
1151 3552 1316 3617 Jo.xvi.⁷.

608 3793 664 3877 [6.]
692 3795 884 3857 Promissam
906 3795 977 3857 Dei.

264 3931 394 3997 Memor
422 3943 492 3998 esto
521 3937 609 4001 verbi
641 3939 703 4002 'rui
733 3960 824 4002 servo
854 3940 931 4010 Tuo,
962 3938 995 4000 in
1026 3959 1089 4020 quo
1118 3935 1198 4001 mihi
1228 3959 1320 4021 spem

302 4057 307 4066 '
353 4059 479 4138 dedisti,
524 4064 613 4127 Paul.
636 4066 717 4129 cxix.
741 4068 794 4129 49.

267 4187 373 4251 Quam
395 4189 541 4271 promisit
564 4193 618 4274 qui
638 4213 705 4257 non
727 4192 884 4256 mentitur
907 4193 1008 4272 Deus,
1057 4194 1118 4256 Tit.
1141 4193 1161 4256 i.
1185 4195 1216 4255 2.

267 4313 463 4401 Interposito
481 4317 699 4400 jurejurando,
745 4316 823 4383 Heb.
846 4320 886 4384 vi.
912 4325 961 4386 17.
