<?xml version="1.0" encoding="UTF-8"?>
<!DOCTYPE html PUBLIC "-//W3C//DTD XHTML 1.0 Transitional//EN"
    "http://www.w3.org/TR/xhtml1/DTD/xhtml1-transitional.dtd">
<html xmlns="http://www.w3.org/1999/xhtml" xml:lang="en" lang="en">
 <head>
  <title>
</title>
<meta http-equiv="Content-Type" content="text/html;charset=utf-8" />
  <meta name='ocr-system' content='tesseract 3.04.00' />
  <meta name='ocr-capabilities' content='ocr_page ocr_carea ocr_par ocr_line ocrx_word'/>
</head>
<body>
  <div class='ocr_page' id='page_1' title='image "./precesprivataeq00andrgoog_0149.png"; bbox 0 0 2910 5002; ppageno 0'>
   <div class='ocr_carea' id='block_1_1' title="bbox 415 443 1205 517">
    <p class='ocr_par' dir='ltr' id='par_1_1' title="bbox 415 443 1205 517">
     <span class='ocr_line' id='line_1_1' title="bbox 415 443 1205 517; baseline 0.008 -7"><span class='ocrx_word' id='word_1_1' title='bbox 415 444 584 510; x_wconf 82' lang='lat' dir='ltr'>PRECES</span> <span class='ocrx_word' id='word_1_2' title='bbox 608 443 927 511; x_wconf 78' lang='lat' dir='ltr'><strong>QUOTIDIANAE.</strong></span> <span class='ocrx_word' id='word_1_3' title='bbox 1139 447 1205 517; x_wconf 71' lang='lat'><strong>129</strong></span> 
     </span>
    </p>
   </div>
   <div class='ocr_carea' id='block_1_2' title="bbox 275 611 965 814">
    <p class='ocr_par' dir='ltr' id='par_1_2' title="bbox 275 611 965 814">
     <span class='ocr_line' id='line_1_2' title="bbox 275 611 965 690; baseline 0.003 -17"><span class='ocrx_word' id='word_1_4' title='bbox 275 611 480 674; x_wconf 72' lang='lat' dir='ltr'><strong>anumc&#39;rus</strong></span> <span class='ocrx_word' id='word_1_5' title='bbox 502 632 545 689; x_wconf 78' lang='lat' dir='ltr'><strong>es,</strong></span> <span class='ocrx_word' id='word_1_6' title='bbox 569 611 719 689; x_wconf 88' lang='lat' dir='ltr'>Domine,</span> <span class='ocrx_word' id='word_1_7' title='bbox 744 613 832 675; x_wconf 85' lang='lat' dir='ltr'><strong>Dous</strong></span> <span class='ocrx_word' id='word_1_8' title='bbox 855 612 965 690; x_wconf 79' lang='lat' dir='ltr'><strong>Israel,</strong></span> 
     </span>
     <span class='ocr_line' id='line_1_3' title="bbox 491 737 726 814; baseline -0.013 -11"><span class='ocrx_word' id='word_1_9' title='bbox 491 737 587 803; x_wconf 81' lang='lat' dir='ltr'><strong>Pater</strong></span> <span class='ocrx_word' id='word_1_10' title='bbox 608 745 726 814; x_wconf 82' lang='lat' dir='ltr'><strong>nostor,</strong></span> 
     </span>
    </p>
   </div>
   <div class='ocr_carea' id='block_1_3' title="bbox 318 862 1135 944">
    <p class='ocr_par' dir='ltr' id='par_1_3' title="bbox 318 862 1135 944">
     <span class='ocr_line' id='line_1_4' title="bbox 318 862 1135 944; baseline 0.002 -17"><span class='ocrx_word' id='word_1_11' title='bbox 318 862 359 927; x_wconf 82' lang='lat' dir='ltr'><strong>ab</strong></span> <span class='ocrx_word' id='word_1_12' title='bbox 381 870 502 928; x_wconf 82' lang='lat' dir='ltr'><strong>aeterno</strong></span> <span class='ocrx_word' id='word_1_13' title='bbox 523 864 558 927; x_wconf 93' lang='lat' dir='ltr'><strong>in</strong></span> <span class='ocrx_word' id='word_1_14' title='bbox 580 872 746 944; x_wconf 80' lang='lat' dir='ltr'><strong>oeternum,</strong></span> <span class='ocrx_word' id='word_1_15' title='bbox 794 867 809 928; x_wconf 90' lang='lat'>1</span> <span class='ocrx_word' id='word_1_16' title='bbox 838 867 950 929; x_wconf 77' lang='lat' dir='ltr'><strong>Chron.</strong></span> <span class='ocrx_word' id='word_1_17' title='bbox 975 865 1059 929; x_wconf 84' lang='lat' dir='ltr'><strong>xxix.</strong></span> <span class='ocrx_word' id='word_1_18' title='bbox 1085 865 1135 929; x_wconf 94' lang='grc'><strong>10.</strong></span> 
     </span>
    </p>
   </div>
   <div class='ocr_carea' id='block_1_4' title="bbox 135 989 1185 3856">
    <p class='ocr_par' dir='ltr' id='par_1_4' title="bbox 135 989 1185 3856">
     <span class='ocr_line' id='line_1_5' title="bbox 404 989 727 1070; baseline -0.003 -16"><span class='ocrx_word' id='word_1_19' title='bbox 404 989 473 1054; x_wconf 78' lang='lat' dir='ltr'><strong>&#39;qu</strong></span> <span class='ocrx_word' id='word_1_20' title='bbox 494 997 554 1070; x_wconf 79' lang='lat' dir='ltr'><strong>est,</strong></span> <span class='ocrx_word' id='word_1_21' title='bbox 578 992 727 1070; x_wconf 87' lang='lat' dir='ltr'><strong>Domine,</strong></span> 
     </span>
     <span class='ocr_line' id='line_1_6' title="bbox 360 1116 614 1199; baseline 0.004 -19"><span class='ocrx_word' id='word_1_22' title='bbox 360 1116 614 1199; x_wconf 80' lang='lat' dir='ltr'><strong>Magnificentia‚</strong></span> 
     </span>
     <span class='ocr_line' id='line_1_7' title="bbox 403 1243 619 1316; baseline -0.005 -11"><span class='ocrx_word' id='word_1_23' title='bbox 403 1249 436 1305; x_wconf 84' lang='lat' dir='ltr'><strong>et</strong></span> <span class='ocrx_word' id='word_1_24' title='bbox 458 1243 619 1316; x_wconf 77' lang='lat' dir='ltr'><strong>Potentia,</strong></span> 
     </span>
     <span class='ocr_line' id='line_1_8' title="bbox 402 1368 579 1446; baseline -0.006 -15"><span class='ocrx_word' id='word_1_25' title='bbox 402 1374 435 1431; x_wconf 84' lang='lat' dir='ltr'><strong>et</strong></span> <span class='ocrx_word' id='word_1_26' title='bbox 458 1368 579 1446; x_wconf 80' lang='lat' dir='ltr'>Gloria,</span> 
     </span>
     <span class='ocr_line' id='line_1_9' title="bbox 401 1495 674 1579; baseline 0.007 -23"><span class='ocrx_word' id='word_1_27' title='bbox 401 1500 497 1579; x_wconf 87' lang='lat' dir='ltr'><strong>atque</strong></span> <span class='ocrx_word' id='word_1_28' title='bbox 519 1495 674 1573; x_wconf 79' lang='lat' dir='ltr'><strong>Victoria,</strong></span> 
     </span>
     <span class='ocr_line' id='line_1_10' title="bbox 405 1622 555 1704; baseline 0.007 -20"><span class='ocrx_word' id='word_1_29' title='bbox 405 1622 453 1704; x_wconf 84' lang='lat' dir='ltr'><strong>[et</strong></span> <span class='ocrx_word' id='word_1_30' title='bbox 474 1622 555 1699; x_wconf 78' lang='lat' dir='ltr'><strong>laus,</strong></span> 
     </span>
     <span class='ocr_line' id='line_1_11' title="bbox 403 1749 626 1833; baseline 0.013 -22"><span class='ocrx_word' id='word_1_31' title='bbox 403 1755 437 1812; x_wconf 84' lang='lat' dir='ltr'><strong>et</strong></span> <span class='ocrx_word' id='word_1_32' title='bbox 457 1749 626 1833; x_wconf 62' lang='lat' dir='ltr'><strong>potamau]</strong></span> 
     </span>
     <span class='ocr_line' id='line_1_12' title="bbox 185 1872 788 1957; baseline 0.002 -20"><span class='ocrx_word' id='word_1_33' title='bbox 185 1874 313 1938; x_wconf 75' lang='lat' dir='ltr'><strong>Cuncta</strong></span> <span class='ocrx_word' id='word_1_34' title='bbox 334 1872 422 1936; x_wconf 86' lang='lat' dir='ltr'><strong>enim</strong></span> <span class='ocrx_word' id='word_1_35' title='bbox 445 1895 518 1957; x_wconf 83' lang='lat' dir='ltr'><strong>quae</strong></span> <span class='ocrx_word' id='word_1_36' title='bbox 538 1874 575 1939; x_wconf 89' lang='lat' dir='ltr'><strong>in</strong></span> <span class='ocrx_word' id='word_1_37' title='bbox 596 1875 678 1940; x_wconf 87' lang='lat' dir='ltr'><strong>coelo</strong></span> <span class='ocrx_word' id='word_1_38' title='bbox 700 1883 788 1954; x_wconf 81' lang='lat' dir='ltr'><strong>sunt,</strong></span> 
     </span>
     <span class='ocr_line' id='line_1_13' title="bbox 270 2000 906 2087; baseline 0 -22"><span class='ocrx_word' id='word_1_39' title='bbox 270 2008 304 2065; x_wconf 81' lang='lat' dir='ltr'><strong>et</strong></span> <span class='ocrx_word' id='word_1_40' title='bbox 325 2000 361 2064; x_wconf 93' lang='lat' dir='ltr'><strong>in</strong></span> <span class='ocrx_word' id='word_1_41' title='bbox 381 2008 469 2065; x_wconf 78' lang='lat' dir='ltr'>terra</span> <span class='ocrx_word' id='word_1_42' title='bbox 490 2008 548 2066; x_wconf 82' lang='lat' dir='ltr'><strong>tuo</strong></span> <span class='ocrx_word' id='word_1_43' title='bbox 570 2009 656 2066; x_wconf 82' lang='lat' dir='ltr'><strong>sunt.</strong></span> <span class='ocrx_word' id='word_1_44' title='bbox 707 2002 816 2087; x_wconf 74' lang='lat' dir='ltr'><strong>[Vm.</strong></span> <span class='ocrx_word' id='word_1_45' title='bbox 840 2002 906 2086; x_wconf 89' lang='grc'>11.]</span> 
     </span>
     <span class='ocr_line' id='line_1_14' title="bbox 139 2127 966 2208; baseline 0.001 -17"><span class='ocrx_word' id='word_1_46' title='bbox 139 2128 172 2191; x_wconf 90' lang='grc' dir='ltr'>Α</span> <span class='ocrx_word' id='word_1_47' title='bbox 192 2127 285 2191; x_wconf 86' lang='lat' dir='ltr'><strong>vultu</strong></span> <span class='ocrx_word' id='word_1_48' title='bbox 306 2134 364 2191; x_wconf 85' lang='lat' dir='ltr'><strong>tuo</strong></span> <span class='ocrx_word' id='word_1_49' title='bbox 386 2127 597 2192; x_wconf 84' lang='lat' dir='ltr'><strong>conturbatur</strong></span> <span class='ocrx_word' id='word_1_50' title='bbox 618 2128 724 2193; x_wconf 79' lang='lat' dir='ltr'><strong>omnis</strong></span> <span class='ocrx_word' id='word_1_51' title='bbox 748 2130 830 2208; x_wconf 86' lang='lat' dir='ltr'>Rex,</span> <span class='ocrx_word' id='word_1_52' title='bbox 964 2175 966 2178; x_wconf 23' lang='grc' dir='ltr'><strong><em>ι</em></strong></span> 
     </span>
     <span class='ocr_line' id='line_1_15' title="bbox 225 2253 782 2341; baseline 0.002 -23"><span class='ocrx_word' id='word_1_53' title='bbox 225 2254 271 2318; x_wconf 82' lang='lat' dir='ltr'><strong>Et</strong></span> <span class='ocrx_word' id='word_1_54' title='bbox 292 2274 372 2337; x_wconf 82' lang='lat' dir='ltr'><strong>gem</strong></span> <span class='ocrx_word' id='word_1_55' title='bbox 393 2253 508 2318; x_wconf 74' lang='lat' dir='ltr'><strong>omnis.</strong></span> <span class='ocrx_word' id='word_1_56' title='bbox 555 2255 615 2338; x_wconf 74' lang='lat' dir='ltr'><strong><em>[Ie.</em></strong></span> <span class='ocrx_word' id='word_1_57' title='bbox 638 2254 712 2319; x_wconf 83' lang='lat' dir='ltr'><strong>lxiv.</strong></span> <span class='ocrx_word' id='word_1_58' title='bbox 736 2253 782 2341; x_wconf 81' lang='grc'><strong>2.]</strong></span> 
     </span>
     <span class='ocr_line' id='line_1_16' title="bbox 268 2380 747 2463; baseline -0.002 -19"><span class='ocrx_word' id='word_1_59' title='bbox 268 2380 385 2459; x_wconf 71' lang='lat' dir='ltr'><strong>Tuum,</strong></span> <span class='ocrx_word' id='word_1_60' title='bbox 409 2381 560 2461; x_wconf 81' lang='lat' dir='ltr'><strong>Domine,</strong></span> <span class='ocrx_word' id='word_1_61' title='bbox 584 2381 747 2463; x_wconf 82' lang='lat' dir='ltr'><strong>Regnum,</strong></span> 
     </span>
     <span class='ocr_line' id='line_1_17' title="bbox 311 2506 845 2591; baseline 0 -21"><span class='ocrx_word' id='word_1_62' title='bbox 311 2515 345 2571; x_wconf 86' lang='lat' dir='ltr'><strong>et</strong></span> <span class='ocrx_word' id='word_1_63' title='bbox 366 2514 405 2572; x_wconf 87' lang='lat' dir='ltr'><strong>tu</strong></span> <span class='ocrx_word' id='word_1_64' title='bbox 426 2528 460 2571; x_wconf 83' lang='lat' dir='ltr'><strong>es</strong></span> <span class='ocrx_word' id='word_1_65' title='bbox 483 2507 586 2572; x_wconf 73' lang='lat' dir='ltr'><strong>celsus</strong></span> <span class='ocrx_word' id='word_1_66' title='bbox 609 2528 705 2591; x_wconf 83' lang='lat' dir='ltr'><strong>super</strong></span> <span class='ocrx_word' id='word_1_67' title='bbox 726 2506 845 2583; x_wconf 81' lang='lat' dir='ltr'><strong>omnio,</strong></span> 
     </span>
     <span class='ocr_line' id='line_1_18' title="bbox 353 2632 833 2717; baseline -0.002 -21"><span class='ocrx_word' id='word_1_68' title='bbox 353 2641 386 2697; x_wconf 86' lang='lat' dir='ltr'><strong>et</strong></span> <span class='ocrx_word' id='word_1_69' title='bbox 408 2654 504 2717; x_wconf 78' lang='lat' dir='ltr'><strong>super</strong></span> <span class='ocrx_word' id='word_1_70' title='bbox 526 2654 621 2697; x_wconf 86' lang='lat' dir='ltr'><strong>omne</strong></span> <span class='ocrx_word' id='word_1_71' title='bbox 643 2632 833 2699; x_wconf 90' lang='lat' dir='ltr'><strong>dominium.</strong></span> 
     </span>
     <span class='ocr_line' id='line_1_19' title="bbox 136 2758 836 2842; baseline -0.004 -18"><span class='ocrx_word' id='word_1_72' title='bbox 136 2760 208 2824; x_wconf 81' lang='lat' dir='ltr'><strong>Abs</strong></span> <span class='ocrx_word' id='word_1_73' title='bbox 229 2767 263 2825; x_wconf 84' lang='lat' dir='ltr'><strong>te</strong></span> <span class='ocrx_word' id='word_1_74' title='bbox 285 2759 413 2838; x_wconf 81' lang='lat' dir='ltr'><strong>divitiae,</strong></span> <span class='ocrx_word' id='word_1_75' title='bbox 437 2766 470 2823; x_wconf 85' lang='lat' dir='ltr'><strong>et</strong></span> <span class='ocrx_word' id='word_1_76' title='bbox 492 2781 512 2827; x_wconf 80' lang='lat' dir='ltr'><strong>a</strong></span> <span class='ocrx_word' id='word_1_77' title='bbox 532 2759 614 2827; x_wconf 81' lang='lat' dir='ltr'><strong>facie</strong></span> <span class='ocrx_word' id='word_1_78' title='bbox 635 2768 693 2831; x_wconf 79' lang='lat' dir='ltr'><strong>tua</strong></span> <span class='ocrx_word' id='word_1_79' title='bbox 715 2758 836 2842; x_wconf 79' lang='lat' dir='ltr'><strong>gloria:</strong></span> 
     </span>
     <span class='ocr_line' id='line_1_20' title="bbox 223 2885 655 2969; baseline -0.002 -19"><span class='ocrx_word' id='word_1_80' title='bbox 223 2886 274 2950; x_wconf 71' lang='lat' dir='ltr'><strong>&#39;Pu</strong></span> <span class='ocrx_word' id='word_1_81' title='bbox 295 2885 472 2950; x_wconf 76' lang='lat' dir='ltr'><strong>dominaris</strong></span> <span class='ocrx_word' id='word_1_82' title='bbox 494 2885 655 2969; x_wconf 81' lang='lat' dir='ltr'><strong>omnium,</strong></span> 
     </span>
     <span class='ocr_line' id='line_1_21' title="bbox 309 3011 901 3093; baseline -0.008 -15"><span class='ocrx_word' id='word_1_83' title='bbox 309 3011 504 3078; x_wconf 79' lang='lat' dir='ltr'><strong>Dominutor</strong></span> <span class='ocrx_word' id='word_1_84' title='bbox 526 3013 630 3077; x_wconf 80' lang='lat' dir='ltr'><strong>omnis</strong></span> <span class='ocrx_word' id='word_1_85' title='bbox 652 3012 901 3093; x_wconf 77' lang='lat' dir='ltr'><strong>Dominationis,</strong></span> 
     </span>
     <span class='ocr_line' id='line_1_22' title="bbox 223 3139 816 3225; baseline -0.005 -20"><span class='ocrx_word' id='word_1_86' title='bbox 223 3142 259 3205; x_wconf 89' lang='lat' dir='ltr'><strong>in</strong></span> <span class='ocrx_word' id='word_1_87' title='bbox 280 3161 381 3205; x_wconf 78' lang='lat' dir='ltr'><strong>manu</strong></span> <span class='ocrx_word' id='word_1_88' title='bbox 402 3146 461 3203; x_wconf 79' lang='lat' dir='ltr'><strong>tua</strong></span> <span class='ocrx_word' id='word_1_89' title='bbox 481 3140 583 3205; x_wconf 76' lang='lat' dir='ltr'><strong>virtus</strong></span> <span class='ocrx_word' id='word_1_90' title='bbox 605 3147 639 3205; x_wconf 82' lang='lat' dir='ltr'><strong>et</strong></span> <span class='ocrx_word' id='word_1_91' title='bbox 660 3139 816 3225; x_wconf 79' lang='lat' dir='ltr'><strong>potentia,</strong></span> 
     </span>
     <span class='ocr_line' id='line_1_23' title="bbox 135 3265 657 3350; baseline -0.006 -17"><span class='ocrx_word' id='word_1_92' title='bbox 135 3271 180 3333; x_wconf 85' lang='lat' dir='ltr'><strong>Et</strong></span> <span class='ocrx_word' id='word_1_93' title='bbox 202 3270 237 3333; x_wconf 93' lang='lat' dir='ltr'><strong>in</strong></span> <span class='ocrx_word' id='word_1_94' title='bbox 258 3289 360 3332; x_wconf 80' lang='lat' dir='ltr'><strong>manu</strong></span> <span class='ocrx_word' id='word_1_95' title='bbox 378 3272 437 3331; x_wconf 78' lang='lat' dir='ltr'><strong>tua</strong></span> <span class='ocrx_word' id='word_1_96' title='bbox 457 3265 657 3350; x_wconf 76' lang='lat' dir='ltr'><strong>magnitudo,</strong></span> 
     </span>
     <span class='ocr_line' id='line_1_24' title="bbox 264 3392 667 3477; baseline 0.007 -20"><span class='ocrx_word' id='word_1_97' title='bbox 264 3401 297 3458; x_wconf 87' lang='lat' dir='ltr'><strong>et</strong></span> <span class='ocrx_word' id='word_1_98' title='bbox 318 3393 489 3477; x_wconf 87' lang='lat' dir='ltr'><strong>imperium</strong></span> <span class='ocrx_word' id='word_1_99' title='bbox 510 3392 667 3460; x_wconf 89' lang='lat' dir='ltr'><strong>omnium.</strong></span> 
     </span>
     <span class='ocr_line' id='line_1_25' title="bbox 177 3520 969 3604; baseline -0.004 -18"><span class='ocrx_word' id='word_1_100' title='bbox 177 3523 277 3587; x_wconf 86' lang='lat' dir='ltr'><strong>Nune</strong></span> <span class='ocrx_word' id='word_1_101' title='bbox 299 3522 410 3604; x_wconf 76' lang='lat' dir='ltr'><strong>igitur,</strong></span> <span class='ocrx_word' id='word_1_102' title='bbox 433 3522 523 3586; x_wconf 80' lang='lat' dir='ltr'><strong>Deus</strong></span> <span class='ocrx_word' id='word_1_103' title='bbox 545 3528 664 3600; x_wconf 75' lang='lat' dir='ltr'><strong>noster,</strong></span> <span class='ocrx_word' id='word_1_104' title='bbox 686 3521 877 3586; x_wconf 77' lang='lat' dir='ltr'><strong>confitemur</strong></span> <span class='ocrx_word' id='word_1_105' title='bbox 898 3520 969 3600; x_wconf 87' lang='lat' dir='ltr'><strong>tibi,</strong></span> 
     </span>
     <span class='ocr_line' id='line_1_26' title="bbox 264 3627 1185 3730; baseline -0.008 -17"><span class='ocrx_word' id='word_1_106' title='bbox 264 3656 298 3713; x_wconf 85' lang='lat' dir='ltr'><strong>et</strong></span> <span class='ocrx_word' id='word_1_107' title='bbox 319 3647 488 3713; x_wconf 72' lang='lat' dir='ltr'><strong>laudamus</strong></span> <span class='ocrx_word' id='word_1_108' title='bbox 512 3668 633 3712; x_wconf 88' lang='lat' dir='ltr'><strong>nomen</strong></span> <span class='ocrx_word' id='word_1_109' title='bbox 662 3655 755 3711; x_wconf 82' lang='lat' dir='ltr'><strong>tuum</strong></span> <span class='ocrx_word' id='word_1_110' title='bbox 784 3627 955 3730; x_wconf 79' lang='lat' dir='ltr'><strong>inclytum.</strong></span> <span class='ocrx_word' id='word_1_111' title='bbox 1005 3643 1038 3728; x_wconf 89' lang='lat'><strong>[1</strong></span> <span class='ocrx_word' id='word_1_112' title='bbox 1074 3644 1185 3707; x_wconf 73' lang='lat' dir='ltr'><strong>Chron.</strong></span> 
     </span>
     <span class='ocr_line' id='line_1_27' title="bbox 434 3774 682 3856; baseline -0.008 -17"><span class='ocrx_word' id='word_1_113' title='bbox 434 3775 517 3839; x_wconf 84' lang='lat' dir='ltr'><strong>xxix.</strong></span> <span class='ocrx_word' id='word_1_114' title='bbox 542 3774 682 3856; x_wconf 85' lang='lat'>12‚13.]</span> 
     </span>
    </p>
   </div>
   <div class='ocr_carea' id='block_1_5' title="bbox 0 0 1460 5002">
    <p class='ocr_par' dir='ltr' id='par_1_5' title="bbox 0 0 1460 5002">
     <span class='ocr_line' id='line_1_28' title="bbox 0 0 1460 5002; baseline 0 0"><span class='ocrx_word' id='word_1_115' title='bbox 0 0 1460 5002; x_wconf 95' lang='lat' dir='ltr'><strong> </strong></span> 
     </span>
    </p>
   </div>
  </div>
 </body>
</html>
