2910 5002
246 449 312 513 366
521 446 690 512 PRECES
717 446 1035 514 QUOTIDIANAE.

249 622 473 685 Confiteantur
494 618 567 683 Tibi
589 639 694 702 opera,
719 619 827 695 Deus;

333 748 377 811 Et
399 746 502 810 sancti
523 746 585 809 Tui
607 745 799 810 benedicant
821 744 903 811 Tibi.
951 745 1048 830 [Paul.
1073 746 1151 810 cxlv.
1178 746 1247 830 lo]
1320 749 1331 769 ⁸

247 875 347 958 Aperi
369 896 403 938 os
425 895 534 937 meum
557 873 597 936 ad
618 872 872 937 benedicendum
895 894 1015 938 nomeu
1037 874 1141 938 Tuum
1153 901 1163 952 ;

422 997 571 1074 Domine,
595 996 680 1059 labia
700 1017 773 1060 mea
794 997 926 1079 aperies,

333 1129 377 1191 Et
392 1148 426 1190 os
442 1146 550 1189 meum
565 1124 775 1188 annunciabit
790 1124 919 1188 laudem
934 1125 1045 1189 Tuam.
1065 1124 1165 1208 [Psoi.
1182 1125 1217 1194 li.
1237 1123 1308 1207 15.]

133 1247 135 1251 ’
248 1255 440 1317 Peccantem
463 1273 525 1331 me,
550 1251 699 1329 Domine,
723 1258 757 1314 et
779 1272 847 1314 non
869 1251 1091 1335 poeniteutem,

335 1402 372 1444 ac
393 1379 440 1443 ita
461 1400 591 1463 prorsus
612 1378 793 1461 indignum,

248 1509 386 1572 Deccret
409 1508 511 1590 magis
535 1528 642 1572 coram
665 1508 710 1570 Te
736 1508 843 1592 jacere
863 1511 1067 1591 prostratum,

334 1657 371 1699 ae
395 1657 468 1700 cum
491 1636 569 1699 fletu
593 1643 626 1699 et
650 1634 772 1718 gemitu

291 1769 502 1846 peccatorum,
516 1764 643 1826 veniam
665 1763 836 1846 postulare,
859 1783 956 1845 quam
978 1762 1024 1826 Te

376 1910 431 1954 ore
453 1890 577 1973 polluto
597 1888 737 1953 laudare.

247 2015 444 2098 De'ingenti
465 2022 575 2078 tamen
597 2014 743 2079 bonitate
765 2015 835 2077 Tua
857 2015 1005 2093 confisus,
1029 2014 1080 2078 do.

334 2145 374 2222 Ο,
398 2144 522 2227 suscipe
543 2143 655 2207 laudes
678 2164 755 2226 quas
777 2142 947 2207 decantare
969 2142 1120 2207 desidero.

245 2274 317 2355 Ego
339 2271 492 2354 indignus
506 2279 671 2355 peccator,
695 2277 781 2334 certe
802 2270 968 2353 indignus,

333 2399 390 2462 sed
411 2398 536 2462 utinam
560 2399 694 2463 devotus
716 2406 750 2462 et
773 2398 845 2461 Tibi
867 2404 990 2480 gratus,

248 2524 320 2588 Tibi
338 2525 457 2608 gratias
479 2547 549 2609 ago,
573 2527 618 2589 Te
641 2525 749 2602 adoro,
764 2525 871 2602 laudo,
890 2524 1054 2602 benedico,
1076 2520 1184 2606 'Peque
1202 2520 1303 2606 glori-

331 2651 401 2714 fico.
440 2650 568 2734 Dignus
595 2671 638 2729 es,
666 2651 807 2714 Domine
830 2651 928 2729 Deus,
959 2649 1103 2734 accipere
1132 2648 1243 2713 laudes
1266 2654 1303 2712 et

330 2779 457 2861 gratias.
509 2775 622 2862 [Apoc.
646 2778 688 2842 iv.
714 2778 780 2861 11.]

246 2906 354 2973 Quem
375 2927 435 2990 ego
455 2914 604 2989 peccator
625 2927 693 2971 non
724 2928 798 2971 sum
827 2907 945 2990 diguus
975 2907 1134 2985 invocare,
1156 2925 1218 2968 nec
1247 2900 1302 2967 vel

330 3033 509 3112 nominare,
532 3034 583 3097 vel
604 3032 639 3096 in
661 3033 756 3098 corde
779 3033 928 3117 cogitare.

243 3161 289 3224 Te
319 3160 442 3236 invoco,
480 3161 586 3240 adoro,
621 3163 666 3225 Te
699 3167 768 3226 toto
799 3161 904 3226 cordis
935 3159 1053 3224 affectu
1083 3177 1170 3222 nune
1200 3163 1234 3219 et
1264 3155 1302 3218 in

330 3288 482 3352 saeculum
503 3288 667 3352 benedico·

666 3538 768 3600 Actus
790 3538 874 3619 Spei.

243 3673 284 3736 In
317 3673 372 3751 Te,
404 3673 554 3753 Domine,
592 3674 714 3758 speravi
725 3701 735 3752 3
767 3696 809 3738 ne
846 3673 1025 3738 confundar
1056 3673 1092 3738 in
1125 3680 1294 3739 aeternum.

332 3801 431 3885 [Psoi.
456 3802 539 3865 xxxi.
566 3802 609 3885 1.]

154 4034 158 4039 -
243 3958 321 4074 Spes
344 4011 416 4054 mea
437 3948 470 4121 {

242 4181 426 4266 Requiescit
448 4201 522 4244 caro
544 4203 617 4245 mea
639 4182 672 4244 in
695 4203 760 4265 spe.
812 4183 914 4266 [Psoi.
937 4183 998 4248 xvi.
1023 4181 1070 4266 9.]

483 3929 522 3993 ab
546 3929 698 3994 uberibus
721 3928 845 4009 matris,
893 3928 992 4013 [Paul.
1017 3928 1092 3992 xxii.
1116 3926 1161 4012 9.]

482 4078 501 4119 a
518 4057 700 4139 juventute.
748 4057 849 4140 [Psoi.
872 4056 948 4120 lxxi.
972 4054 1016 4139 5.]

239 4308 383 4374 Verbum
399 4308 505 4374 Tuum
521 4309 554 4372 in
570 4331 634 4392 quo
648 4309 729 4374 mihi
745 4332 833 4395 spem
849 4310 975 4375 dedisti.
994 4312 1093 4395 [Psoi
1112 4311 1191 4376 cxix.
1202 4308 1292 4394 lla]
