2910 5002
440 443 611 508 PRECES
637 445 956 515 QUOTIDIANAE.
1161 457 1231 519 353·

301 630 406 674 escam
417 610 453 673 in
464 618 618 696 tempore.
641 615 741 697 Aperi
752 616 802 679 Tu
815 638 949 682 manum
960 619 1072 698 Tuam,
1085 627 1118 684 et
1128 621 1226 705 imple

300 758 395 801 omne
419 738 538 802 animal
559 739 793 808 benedictione.
842 744 943 827 [Paul.
960 745 1040 809 cxlv.
1058 746 1109 824 15,
1127 746 1192 832 16.]

193 864 222 927 5.
247 862 413 942 Miserere,
430 867 459 930 O
482 867 583 946 Deus,
602 870 716 948 nostri,
735 871 913 935 secundum
928 895 1080 956 magnam
1100 875 1225 939 miseri-

298 996 441 1061 cordiam
460 999 573 1079 llram,
590 1006 623 1064 et
641 1001 819 1066 secundum
836 1003 1081 1096 multitudinem
1096 1005 1227 1069 misera-

298 1123 425 1190 tionum
447 1127 591 1190 'Puerum
613 1127 684 1192 dele
705 1136 837 1212 peccata
858 1139 980 1196 nostra.
1009 1131 1110 1216 [Paul.
1127 1134 1160 1196 li.
1180 1133 1225 1217 l.]

190 1253 221 1315 6.
244 1252 428 1353 Nequando
457 1256 602 1339 proficiat
631 1256 780 1321 inimicus
808 1258 846 1322 iu
879 1259 983 1340 nobis,
1005 1281 1111 1344 neque
1139 1261 1225 1326 filius

297 1381 477 1465 iniquitatis
493 1391 633 1466 apponat
647 1405 762 1449 nocere
776 1386 879 1452 nobis.
906 1386 1007 1474 [Paul.
1023 1388 1138 1452 lxxxix.
1156 1388 1222 1472 23]

191 1511 219 1575 7.
244 1509 298 1573 Ne
328 1509 459 1573 veniant
490 1532 585 1593 super
622 1533 680 1576 nos
713 1513 808 1592 mala,
840 1522 873 1579 et
910 1537 952 1579 ne
989 1516 1224 1600 appropinquet

295 1637 458 1720 flagellum
480 1637 696 1704 tabernaculis
717 1643 845 1706 nostris.
897 1643 998 1728 [Paul.
1021 1643 1081 1709 xci.
1108 1644 1175 1727 10.]

670 1796 711 1858 V.

190 1901 218 1966 1.
244 1901 295 1968 Sit
316 1923 439 1969 nomen
460 1905 567 1969 Tuum
589 1926 646 1969 arx
666 1905 795 1969 munita
815 1904 919 1979 nobis,

299 2039 465 2097 currentes
487 2033 528 2096 ad
550 2033 632 2098 illud
653 2033 845 2101 exaltemur.
890 2032 998 2116 [Prov.
1022 2033 1109 2097 xviii.
1136 2031 1200 2117 10.]

187 2160 222 2225 2.
256 2159 320 2223 Per
341 2160 387 2223 ue
416 2180 508 2242 reges
540 2167 679 2242 regnant
690 2186 700 2239 3
744 2168 783 2225 ut
814 2159 1024 2227 deductiones
1056 2181 1221 2244 aquarum,
1249 2221 1252 2227 .

296 2285 393 2350 corda
425 2306 536 2350 eorum
566 2286 603 2350 in
637 2308 738 2350 manu
769 2287 848 2365 Tua,
872 2306 937 2370 quo
971 2285 1020 2350 vis
1055 2286 1223 2350 inclinare.

295 2413 406 2478 Flecte
416 2413 597 2492 adbonum,
611 2415 640 2480 0
656 2413 806 2479 Domine.
824 2412 1081 2498 [Prov.viii.15;
1097 2413 1219 2498 xxi.1·.]

187 2540 217 2602 3.
239 2537 293 2602 Ne
316 2537 381 2601 sint
402 2537 513 2600 multae
536 2539 745 2622 cogitationes
766 2539 802 2602 in
824 2537 983 2602 cordibus
996 2539 1114 2612 nostris
1125 2565 1135 2617 3
1166 2538 1223 2603 sed

295 2664 465 2730 consilium
481 2665 588 2729 Tuum
603 2672 742 2746 maneat,
758 2674 791 2731 et
808 2668 876 2748 fiat,
892 2666 922 2730 Ο
937 2666 1089 2732 Domine.
1115 2666 1221 2750 [Prov.
1242 2652 1244 2657 ¹
1273 2652 1277 2658 ¹

293 2794 356 2857 xix.
378 2768 486 2879 21.]'
534 2772 537 2778 '

186 2922 218 2986 4.
241 2923 318 2987 Duo
339 2922 447 3006 rogavi
470 2922 516 2986 'Pe
527 2946 536 3000 ;
560 2943 602 2988 ne
625 2922 763 3006 deneges
784 2922 865 2986 mihi
887 2926 1062 3007 antequam
1091 2921 1221 2986 moriar.

296 3048 433 3113 Divitias
466 3034 500 3112 et
529 3050 771 3115 mendicitatem
803 3051 844 3114 ne
882 3049 938 3113 des
974 3047 1077 3124 mihi;
1114 3048 1221 3113 tribuc

295 3177 376 3242 mihi
398 3177 577 3242 necessaria
597 3185 630 3242 et
652 3178 853 3243 sufficientia.
891 3177 998 3263 [Prov.
1021 3194 1095 3240 xxx.
1119 3180 1150 3254 7,
1174 3173 1218 3257 8.]

186 3309 216 3370 5.
242 3306 325 3373 Quis
362 3327 437 3370 cum
470 3304 591 3369 fiducia
623 3305 728 3368 dicere
760 3310 877 3388 potest,
915 3302 1063 3367 Mundus
1099 3324 1171 3365 sum
1203 3324 1223 3365 a

292 3433 451 3517 peccato?
496 3432 684 3497 Misericors
707 3438 776 3496 esto
798 3431 896 3493 servis
919 3429 1007 3506 Tuis,
1031 3429 1088 3513 qui
1108 3451 1221 3514 pecca·

294 3567 411 3625 verunt
434 3561 527 3625 Tibi:
560 3566 593 3624 et
615 3581 694 3624 sana
709 3557 846 3631 ¹animas
868 3578 989 3622 eorum.
1037 3556 1146 3642 [Proo.
1168 3579 1220 3623 xx·

291 3690 324 3754 9.
368 3687 454 3752 Psal.
477 3689 531 3752 xli.
546 3688 602 3773 ,5.]

184 3794 214 3880 6.
238 3815 352 3900 Longe
381 3816 433 3880 fac
463 3815 503 3879 ab
533 3813 697 3878 occasione
726 3811 878 3896 peccandi
907 3811 993 3874 viam
1020 3831 1146 3874 meam:
1177 3830 1219 3873 ne

295 3943 548 4029 appropinquem
570 3941 612 4005 ad
634 3939 716 4005 ostia
737 3940 851 4005 domus
870 3940 949 4024 ejus.
999 3937 1106 4023 [Prov.
1121 3958 1151 4000 v.
1168 3934 1216 4019 8.]

185 4077 216 4141 7.
239 4073 293 4139 Ne
329 4073 441 4137 mittas
477 4071 571 4137 nobis
606 4069 771 4154 Angelum
808 4067 1004 4159 crudelema
1031 4066 1089 4132 sed
1123 4065 1221 4140 longe

293 4208 502 4268 amoveantur
521 4224 541 4267 a
560 4199 708 4268 domibus
724 4197 843 4265 nostris
861 4196 970 4263 omnia
988 4216 1024 4263 m

291 4328 365 4393 xvii.
391 4328 440 4393 11.
466 4328 531 4413 la]

205 4462 263 4499 alna
281 4462 377 4500 mm.
728 4461 745 4508 Ζ
766 4461 784 4509 Z
