2910 5002
248 428 316 490 384
507 424 689 517 'PRECES
718 424 1037 491 QUOTIDIANAE.

121 642 127 655 ·
248 601 271 665 ι’.
286 619 313 663 e.
337 597 445 682 Opera
480 597 550 661 'lbra
585 616 652 662 non
689 595 831 681 attingit,
863 596 936 682 plns
967 595 1067 662 hebet
1096 596 1256 675 silentii3
1299 602 1338 659 et

335 722 464 787 ridetur
484 723 656 807 procedere
678 743 717 787 ex
738 744 794 788 ore
815 722 1016 789 lactentium.
1061 704 1154 789 Penl.
1179 722 1257 789 viii.
1283 726 1323 788 2.

249 856 328 917 Bar.
343 853 384 917 iv.
407 854 461 917 28.
497 849 634 939 Ὥσπερ
655 849 781 933 ἐγένετο
795 849 816 934 ἦ
831 849 957 918 διάνοια
971 850 1059 936 ὑμῶν
1072 850 1119 923 εἷς
1133 850 1173 919 τὸ
1187 858 1336 931 orbam·

336 979 431 1061 θῆναι
460 977 527 1045 ἀπὸ
563 981 619 1044 τοῦ
649 980 745 1060 Θεοῦ,
775 976 1022 1046 deomedum
1050 978 1333 1069 ἐπιστραφέντες

338 1109 473 1189 ζητῆσαι
494 1103 599 1172 αὐτόν.

250 1237 300 1301 Ut
317 1242 412 1301 untes
432 1235 468 1299 in
489 1234 637 1320 peccatis,
653 1235 700 1298 sic
717 1236 785 1319 jem
808 1234 843 1298 iu
863 1234 958 1299 bouis
977 1234 1128 1319 operibus
1150 1244 1186 1302 et
1208 1234 1329 1301 laudi·

335 1364 397 1430 bus
419 1364 483 1431 Dei
505 1364 713 1430 abundemus.

249 1488 361 1557 Ἀλλὰ
382 1491 432 1562 τίς
455 1490 521 1575 εἰμι
542 1489 617 1574 dvo),
642 1489 843 1578 Repu-ns.

455 1740 565 1802 Oratio
581 1740 816 1821 preparatorio
838 1745 911 1803 ante
933 1735 1103 1822 Eumne.

251 1877 315 1941 Fac
346 1896 412 1954 me,
445 1875 593 1948 Domine,
625 1875 825 1958 poenitentioe
855 1896 946 1955 meae,
977 1874 1191 1961 laudibusque
1231 1877 1321 1941 'luis

336 2026 458 2086 vacere,
482 2005 640 2092 Χωρῆσιιι
660 2001 705 2073 εἷς
725 2002 897 2086 μετάνοιαν
917 2002 972 2068 καὶ
994 2001 1148 2087 εὐλογίας.

250 2132 400 2212 Domine,
433 2131 519 2197 labio
549 2153 622 2197 mes
658 2132 790 2216 aperies,
823 2139 856 2196 et
886 2153 923 2197 os
955 2152 1065 2196 meum
1098 2131 1318 2199 annuntiabit

335 2258 464 2323 laudem
487 2259 600 2323 Diam.

250 2386 316 2452 Sed
337 2394 524 2471 peccantem
544 2407 607 2465 me,
630 2386 781 2466 Domine,
804 2393 837 2450 et
858 2406 988 2471 prorsus
1009 2387 1179 2472 indiguum
1202 2388 1316 2472 magis

334 2513 463 2578 deceret
485 2534 593 2578 coram
615 2514 661 2578 'Pe
685 2514 794 2598 jacere
822 2520 1029 2597 prostratum,
1052 2536 1091 2579 nc
1118 2534 1194 2580 cum
1224 2515 1314 2581 fletu

334 2661 373 2705 ae
401 2640 526 2724 gemitu
554 2646 758 2724 peccatorum
788 2639 913 2703 veuism
944 2640 1116 2724 postulare,
1139 2662 1239 2725 quem
1261 2642 1314 2705 ‘re

334 2786 390 2830 ore
411 2766 535 2850 polluto
557 2766 696 2830 laudere

292 2895 415 2959 Verum
437 2894 477 2959 de
500 2893 646 2979 ingenita
667 2894 736 2958 'lua
757 2892 903 2957 bonitate
925 2893 1051 2957 confido
1062 2920 1072 2972 ;

335 3022 365 3086 Ο
388 3021 512 3106 suscipe
534 3020 644 3086 laudes
666 3041 745 3103 ques
767 3018 938 3083 decantare
960 3019 1116 3098 desidero,

378 3150 538 3234 Indignus
559 3156 717 3234 peccator,

422 3278 517 3343 Certe
539 3277 702 3361 indignus,

290 3405 357 3470 Sed
379 3406 504 3470 utinum
527 3406 660 3470 devotus
682 3412 715 3469 et
738 3403 811 3469 'Pibi
834 3410 956 3485 gratus.

261 3654 388 3718 Monita
415 3659 447 3716 et
468 3653 694 3717 Meditotiones
709 3653 951 3734 preparatorioe
972 3652 1006 3715 ιἰι
1036 3649 1219 3732 Vespertino
1246 3650 1295 3712 nd

557 3782 658 3844 Deum
679 3781 847 3845 elevatione
869 3779 990 3842 mentis.

276 3917 319 3982 Iu
341 3916 426 3982 bello
455 3913 753 4109 {memorande
777 3916 817 3980 sd
839 3914 1001 3999 agendum
1022 3911 1294 3977 accommodatus.

254 4053 369 4111 cautus
391 4052 439 4108 est
501 4041 724 4122 ἀνακλητικὸς,
748 4066 811 4128 quo
833 4044 978 4127 palantes
999 4048 1198 4106 revocantum.

246 4170 302 4238 Sic
324 4193 417 4236 mens
438 4172 581 4235 humano
602 4180 641 4236 ut
663 4194 758 4237 moue
779 4171 958 4251 excitando,
981 4171 1028 4235 itu
1049 4170 1090 4235 ed
1112 4189 1281 4255 vesperum

289 4299 380 4383 qussi
402 4297 577 4363 anacletico
599 4298 640 4362 ed
663 4319 697 4363 se
719 4299 896 4381 ducemque
918 4320 1012 4363 suum
1034 4296 1223 4375 revocando,
