2910 5002
440 420 609 487 Paucas
634 419 952 487 QUOTIDIANAE.
1181 423 1223 485 57

211 583 341 649 Memor
362 591 432 649 erto
454 586 641 670 Principum
663 589 820 667 omnium,
844 609 923 670 quor

253 711 367 795 dignos
389 711 552 796 deputasti
575 715 630 797 qui
652 716 687 780 in
709 724 797 781 terra
818 724 1011 799 regnarent,

166 838 211 901 Et
231 837 389 921 imprimis
410 861 535 905 memor
557 850 626 906 esto

254 966 354 1048 Regis
375 969 478 1030 nostri
501 969 572 1031 Deo
594 970 670 1045 cari,

165 1091 210 1154 Et
232 1093 335 1175 magia
356 1094 523 1176 magisque
545 1115 726 1178 cooperare,

254 1225 288 1282 et
310 1220 452 1284 secunda
474 1242 549 1284 eum
570 1223 606 1287 iu
627 1220 787 1286 omnibus.

168 1343 315 1426 Loquere
337 1345 378 1408 ad
400 1346 500 1429 ipsius
522 1368 577 1412 eor
599 1348 694 1425 bona,

253 1479 384 1556 propter
404 1474 582 1539 Ecclesiam
602 1481 704 1550 tuam,

297 1608 330 1663 et
352 1621 482 1665 omnem
504 1602 669 1684 populum.

168 1725 303 1808 Largire
324 1725 373 1789 illi
395 1727 494 1790 altam
516 1735 549 1794 et

211 1873 278 1916 non
300 1851 499 1935 eripiendam
522 1855 649 1932 Pacem,

254 1985 292 2041 ut
313 1978 349 2040 in
370 1979 471 2062 ipsius
494 1981 732 2063 tranquillitate

212 2103 353 2186 quietam
376 2112 410 2168 et
431 2106 639 2188 tranquillam
662 2107 761 2171 vitam
783 2128 925 2190 agamus,

254 2231 290 2293 iu
312 2231 401 2294 omni
422 2231 541 2314 pietate
563 2240 597 2296 et
621 2233 778 2312 mutitate,
804 2236 820 2297 l
850 2233 927 2297 tta
950 2231 985 2296 ii.
1010 2234 1042 2295 2.

169 2480 199 2543 0
222 2501 328 2564 aquo
350 2481 506 2545 ordinatae
528 2489 604 2545 aunt
626 2488 811 2565 potestates,
830 2481 920 2545 Rom.
946 2480 1013 2544 xiii.
1041 2484 1069 2544 1.

255 2605 388 2688 largire
408 2606 449 2669 iia
472 2607 528 2688 qui
553 2607 589 2668 in
614 2606 737 2671 Palatio
763 2606 919 2683 eminent,

214 2732 318 2795 Utin
341 2733 460 2796 virtute
486 2741 519 2796 et
541 2733 657 2797 timore
680 2732 729 2797 tui
751 2732 914 2797 emineant
921 2757 932 2809 ;

256 2859 412 2937 Concilio,
437 2868 581 2923 ranetam
603 2866 694 2922 tuam
717 2859 945 2936 Prudentiam3

172 2983 374 3061 Prooeribua,
397 2983 479 3049 nihil
501 2984 606 3049 iacere
627 2992 749 3062 eontra,

104 3094 108 3099 ¹
244 3084 321 3173 ¹Sed
342 3128 402 3191 pro
423 3108 559 3172 veritate
580 3109 705 3188 valere;
733 3113 754 3174 2
780 3111 851 3173 Cor.
874 3110 939 3173 xiii.
962 3113 993 3172 8.

171 3232 343 3297 Judioibur
365 3232 494 3310 nostris,
518 3232 647 3297 Judioia
668 3241 735 3313 tua,

212 3363 246 3422 et
263 3358 408 3442 judicare
429 3359 464 3421 in
486 3358 637 3421 omnibus
660 3379 772 3423 omnes

256 3486 325 3550 aine
333 3485 526 3568 praejudicio,
532 3485 626 3550 velia
635 3486 768 3551 alteram
776 3490 901 3568 partem
911 3484 1110 3551 declinando.
1123 3489 1138 3549 l
1151 3486 1226 3549 lim.
1238 3507 1268 3550 r.
1281 3489 1335 3552 21.

257 3735 287 3798 0
310 3736 398 3799 Deua
422 3735 575 3813 Sabaoth,
602 3738 657 3818 (ac.
681 3736 902 3817 Exercituum)

300 3861 379 3924 Esto
400 3867 438 3924 tu
461 3862 537 3926 Dux
558 3868 591 3925 et
614 3863 781 3927 Protector
802 3859 952 3923 omnium.

343 3986 599 4052 Chdotianorum
621 3986 772 4064 militum,

298 4113 449 4179 adversus
471 4115 678 4181 sanotiaaimm
699 4114 774 4180 fidei
795 4114 912 4178 hortea.

171 4238 303 4320 Largire
327 4240 450 4323 Populo
472 4250 583 4306 nostro

213 4379 270 4412 aro,
290 4379 385 4415 narona
768 4384 781 4429 1
