2910 5002
441 458 609 525 PRECES
634 460 949 526 QUOTIDIANAE.
1162 460 1227 522 213

260 626 369 721 Timar
391 648 491 706 meua,
516 629 595 711 Spes
618 649 699 692 mea.
750 626 834 711 [Job.
857 629 899 692 iv.
922 627 967 711 6.]

348 755 461 819 Unum
484 755 579 820 modo
601 757 744 835 timeam,

347 884 479 967 Nequid
500 885 572 969 plus
595 905 694 968 quam
715 892 750 949 te
771 885 918 949 timeam.

178 1013 269 1075 Siout
290 1011 362 1076 volo
383 1019 421 1074 ut
442 1012 523 1075 mihi
545 1012 666 1076 faciant
687 1012 846 1090 homines,

306 1147 339 1203 et
362 1160 423 1224 ego
444 1140 507 1204 illis
528 1140 576 1204 ita
596 1140 722 1204 faciam.
771 1139 883 1224 [Mart.
906 1140 960 1203 vii.
986 1139 1052 1222 11.]

177 1268 256 1331 Νοιι
278 1267 350 1351 plus
373 1288 483 1350 sapere
506 1288 603 1350 quam
625 1274 752 1350 oportet
774 1287 893 1350 sapere,

309 1394 365 1458 sed
387 1416 496 1478 sapere
518 1395 558 1458 ad
580 1394 797 1460 sobrietatem.
845 1394 949 1478 [Rome
970 1391 1023 1456 xii
1047 1391 1095 1474 8.]
1205 1451 1208 1457 .

180 1645 407 1708 illuminabis
429 1646 484 1729 qui
506 1645 541 1708 in
563 1644 717 1724 tenebris,

266 1780 299 1836 et
320 1773 355 1836 in
377 1771 493 1836 umbra
513 1772 627 1836 mortia
648 1770 774 1835 sedent.

181 1901 293 1983 Dirige
315 1900 411 1984 pedes
432 1907 559 1964 nostros

266 2030 302 2092 in
323 2030 408 2093 viam
431 2029 538 2112 pacis;
584 2029 662 2093 Iaso.
685 2029 707 2092 i.
734 2031 787 2094 79.

226 2159 274 2222 Ut
296 2157 435 2241 idipsum
456 2157 617 2240 sapiamus
638 2157 675 2220 in
697 2157 901 2234 alterutrum,
948 2156 1051 2240 [Rern.
1074 2176 1125 2219 xv.
1149 2153 1196 2239 6.]

270 2271 370 2348 Reate
379 2305 530 2356 necemus,
548 2284 792 2368 [21¹im.ii.15.]
811 2283 1114 2362 Reateineedamua,
1132 2283 1219 2367 [Gal.
1232 2281 1266 2345 ii.
1280 2279 1345 2364 14.]

441 2413 661 2491 AEdifieemue‚
712 2413 745 2496 [1
774 2412 880 2476 Ἠιειε.
903 2433 933 2477 v.
959 2384 1054 2495 11.]'

41 2613 45 2622 ,
271 2540 460 2619 Unanimes,
476 2561 543 2603 uno
552 2560 607 2604 ore
618 2539 868 2604 honorificemus
880 2540 997 2604 Deum.
1016 2532 1118 2623 [Rom.
1128 2558 1180 2601 xv.
1192 2536 1239 2620 6.]

76 2655 80 2661 ¹
186 2670 411 2732 Veruntamen
428 2640 538 2750 ¹siquid
560 2665 665 2745 aliter,

139 2806 140 2810 ’
228 2803 266 2858 ut
288 2796 323 2858 in
345 2793 456 2859 eadem
477 2786 722 2876 permaneamus
744 2794 886 2876 regma„
929 2869 932 2875 .

317 2923 358 2985 ad
379 2920 464 3004 quod
486 2920 698 3004 pervenimus,
748 2920 848 3004 [Phil.
869 2920 914 2983 iii.
940 2918 1006 3002 16.]

362 3046 571 3110 Retineamua
593 3045 749 3124 ordinem,
800 3045 834 3130 [1
854 3045 932 3109 Cor.
955 3044 1016 3108 xiv.
1039 3043 1106 3126 40.]

403 3174 550 3238 decorem

338 3361 341 3367 ⁴
447 3308 480 3364 et
503 3301 768 3365 Firmamentum.
818 3300 900 3384 [Col.
923 3300 957 3363 ii.
981 3299 1026 3382 5.]
