2910 5002
414 432 584 497 PRECES
609 432 933 499 QUOTIDIANAE.
1135 434 1200 498 377

315 599 360 663 Et
382 600 478 680 ultra,

145 728 241 790 Hauc
262 725 351 789 euim
373 747 556 792 mensuram
579 729 674 794 nohis
695 729 937 794 commendasti.

229 856 385 934 Nobisne,
408 862 446 920 ut
468 876 527 921 noa
550 856 637 921 inter
660 878 719 922 nos
743 877 814 921 eam
838 863 1033 941 praestemus,

314 986 397 1049 Tute
422 1006 497 1050 vero
520 985 656 1050 eandem
680 992 717 1049 nt
740 1007 806 1050 non
829 987 986 1071 praestari.

228 1114 401 1179 Praestabis
423 1135 498 1179 vero
519 1121 553 1179 et
574 1114 678 1179 multo
700 1115 812 1201 magis.

142 1239 239 1304 Absit
261 1241 349 1304 enim
371 1249 408 1304 ut
431 1241 502 1325 plus
523 1241 558 1305 in
582 1241 676 1307 uobis
697 1242 903 1326 perfectionis
925 1263 993 1309 csse
1014 1242 1101 1320 velis,

317 1392 414 1455 quam
435 1371 471 1434 in
493 1371 608 1456 'I'eipso
630 1379 689 1436 est.

230 1499 279 1563 Ut
300 1520 359 1563 nos
381 1499 422 1563 ad
445 1500 766 1584 septuagiessepties
788 1502 866 1566 velis
887 1501 1061 1579 remittere,

271 1623 366 1688 Nolis
389 1632 498 1689 autem
521 1626 605 1710 Ipse

142 1749 227 1816 Quia
248 1751 319 1815 Tua
339 1760 484 1816 nostram
507 1761 637 1836 superat
659 1753 886 1832 misericordia,

315 1880 483 1946 Quantum
505 1882 554 1944 'I'u
576 1903 647 1945 nos.

141 2004 204 2068 Illa
225 2025 302 2089 ergo
324 2006 436 2085 fratirs,

187 2131 308 2196 Saltem
332 2133 595 2217 quadringenties
618 2135 772 2219 nonagies
793 2136 1001 2202 condonante

270 2258 488 2324 misericordia
509 2263 602 2340 uim,-

228 2387 259 2448 A
280 2385 376 2469 longe
398 2393 487 2451 stans
508 2389 658 2471 provolvo
678 2410 741 2467 me,

228 2513 271 2576 Et
294 2512 534 2596 demississime,
557 2524 596 2581 ut
617 2539 676 2602 par
697 2525 757 2596 est,
779 2517 1024 2601 humillim'eque

315 2642 503 2707 Percutiens
524 2644 604 2709 illud

233 2769 342 2852 (Quod
362 2791 416 2835 me
438 2792 506 2835 non
529 2773 606 2838 satis
627 2774 778 2858 percutit)
805 2795 1000 2852 cormeum,

142 2895 224 2960 Dico

142 3023 315 3106 Ingemino

341 2916 371 3090 }
390 2957 507 3022 iterum
529 2960 722 3046 iterumque,

461 3157 611 3237 Domine,
634 3159 715 3237 mihi
736 3162 906 3244 peccatori,

461 3284 548 3348 Mihi
569 3285 751 3351 miserrimo
772 3288 943 3372 peccatori,

141 3411 305 3494 Propitius
320 3420 400 3491 esto,
460 3411 546 3476 Mihi
567 3420 773 3496 peccatorum
795 3415 910 3498 primo,

459 3541 545 3604 Mihi
567 3542 629 3607 toti
651 3550 791 3626 peccato,

459 3671 596 3734 Peccato
618 3666 689 3733 καθ’
711 3667 909 3757 ὑπερβολήν,

142 3797 182 3874 0,
205 3797 257 3861 cui
279 3819 446 3883 nunquam
469 3798 538 3863 sine
561 3819 617 3881 spe
639 3798 741 3862 veniae
763 3798 977 3882 supplicatru!

141 3922 201 3986 VI.
227 3922 288 3987 Ille
309 3945 384 3989 vero
406 3931 444 3988 ut
466 3923 625 4008 propitius
647 3923 700 4001 sit,
724 3931 757 3988 at
780 3930 817 3987 tu
839 3923 1060 3989 condoleas?

487 4054 565 4117 Non
586 4059 671 4136 peto.

315 4180 418 4245 Doleo
441 4181 527 4245 enim
550 4189 734 4265 utcunque,

356 4308 473 4372 Metuo
496 4309 625 4392 quidem
647 4318 685 4374 ut
707 4308 793 4373 satis.

184 4449 243 4485 sao.
260 4448 357 4486 ersom.
706 4439 727 4498 3
751 4453 769 4498 c
