2910 5002
445 464 614 529 Paucas
639 464 955 532 QUOTIDIANAE.
1165 473 1229 534 363

169 696 174 709 ,
260 633 304 695 Et
326 652 488 696 servante
510 653 637 696 servum
658 634 764 697 Tuum
786 634 820 697 in
844 642 1011 714 aeternum,

301 759 353 823 vel
373 759 459 823 inter
480 761 669 825 novissimos
691 760 912 826 novissimum.

174 886 316 950 Obsecro
337 889 393 967 Te,
415 889 566 966 Domine,
589 889 624 952 in
646 910 775 953 omnem
797 889 1048 955 misericordiam
1069 891 1183 969 Tuam,

174 1014 348 1076 Avertatur
369 1035 388 1076 a
409 1035 462 1078 me
480 1013 661 1097 justissima
682 1014 863 1098 indignatio
883 1017 961 1090 Tua,
986 1016 1081 1100 [Dan.
1098 1017 1139 1081 ix.
1159 1015 1224 1100 lo]

264 1203 270 1216 ,
363 1141 544 1223 aaepisaime,
567 1141 754 1224 gravissime
948 1200 954 1214 ,
1008 1201 1014 1214 ,
1041 1200 1048 1214 ,

218 1158 343 1332 qma{
441 1269 447 1282 ,
483 1270 490 1283 ‚
644 1270 651 1284 ‚
687 1270 693 1284 ,
780 1162 1061 1336 }peecav1'l¹1br,

362 1291 555 1352 graussime,
579 1291 749 1354 saepissime

527 1397 712 1480 nuperrime

737 1415 914 1590 }pcccavi
936 1453 1026 1532 Tibi3

215 1460 373 1543 praecipue
395 1482 468 1545 quae
483 1414 517 1590 ἱ

527 1525 698 1589 novissime

172 1651 347 1714 Avertatur
368 1671 388 1713 a
409 1672 471 1729 me,
494 1671 514 1713 a
535 1650 733 1734 parentibus,

301 1777 465 1856 iratribus,
488 1777 661 1854 sororibus,
691 1822 694 1827 -

172 1902 313 1966 Domino
335 1903 532 1982 Reverendo,
555 1903 749 1987 familiaque,

258 2030 467 2112 Cognatione,
492 2031 611 2108 amicis,
634 2031 760 2110 vicinia,
783 2031 895 2114 patria,

345 2156 469 2238 Populo
492 2156 676 2221 Christiano
697 2157 856 2234 universo,

559 2284 675 2346 Amen

360 2524 575 2588 Articulorum
596 2526 686 2589 Fidei
728 2522 1036 2609 Ἀνακεφαλαίωσις.

635 2661 764 2740 Hieras,

170 2788 352 2876 Σύλληψις,
376 2788 539 2871 Permane,
561 2790 737 2876 Περιτομῆ,

341 2914 544 3002 Ἐπιφάνεια,
567 2915 769 3000 Βαπτισμός,

169 3043 327 3124 Nomio,
351 3044 546 3131 Πειρασμοὶ,
570 3042 767 3126 Παθῆματα,

341 3171 492 3260 Σταυρὸς,
516 3170 673 3253 Θάνατος,
695 3172 800 3260 Τωφὴ,

169 3299 374 3378 Κατάβασις,
396 3299 605 3373 Ἀνάστασις,
627 3297 821 3379 Ἀνάβασις,

342 3426 505 3515 Καθέδρα,
524 3425 711 3502 ιἘπάνοδος,
735 3422 864 3512 Κρίσις·

168 3558 232 3621 Fac
253 3577 306 3620 me
321 3556 443 3621 'horum
465 3554 678 3639 participem..

458 3801 674 3881 Interpellota'c
696 3800 929 3862 Eucharistiae.

392 3939 474 4005 Quae
497 3936 592 4001 eredo
613 3942 744 4019 propter
764 3955 817 3999 me
839 3954 918 4013 esse,

168 4063 296 4143 Recolo,
319 4063 437 4148 gratias
459 4085 530 4148 ago,
553 4061 720 4140 admoneo,
743 4061 901 4140 recordor,

253 4211 478 4269 commemoro,
500 4190 610 4270 offero,
633 4189 684 4254 vel
705 4193 782 4272 peto
803 4194 841 4250 ut
863 4186 988 4263 offeras,

254 4317 397 4382 Obsecro
419 4317 470 4380 fac
491 4318 690 4401 participem,
713 4316 857 4399 mihique
879 4312 1013 4397 applica,
