2910 5002
275 472 278 477 ·
379 450 548 514 PRECES
573 449 892 514 QUOTIDIANAE.
1126 454 1165 515 19

145 640 346 704 quaecuuque
362 627 457 694 casta,
474 641 671 703 quascunque
683 620 840 697 amabilia,
857 640 1055 703 quaecunque
1067 621 1161 686 bonas

144 748 253 826 famae,
277 748 304 810 si
326 770 389 831 qua
409 749 521 824 virtus,
546 748 572 810 si
595 768 658 832 qua
678 750 759 822 laus,
782 747 850 811 haec
873 748 1013 829 cogitare
1036 756 1069 812 ct
1092 749 1161 813 hacc

145 875 262 953 facere,
310 875 404 957 (Pro.
419 876 460 939 iv.
478 876 522 956 8.)
681 876 828 951 Concede,
845 876 985 938 Domine.

101 998 306 1061 Christianos
321 999 394 1061 vitae
408 1005 526 1061 nostrae
541 998 657 1074 exitus,

192 1124 330 1199 Peccati,
347 1123 486 1206 pudoris,
503 1131 546 1201 et,

194 1250 230 1312 si
244 1249 305 1313 tibi
316 1250 487 1326 videbitur,
503 1251 621 1314 doloris
635 1259 792 1334 expertes,

101 1377 148 1438 Et
171 1375 392 1440 defensionem
418 1376 536 1440 bonam
559 1384 635 1440 aute
656 1377 861 1441 tremendum
882 1385 916 1440 et
937 1377 1080 1441 terribile
1104 1378 1162 1440 tri·

191 1503 289 1567 bunal
305 1506 325 1566 J
327 1521 385 1567 asu
401 1506 537 1568 Culum
552 1505 687 1568 Domini
702 1506 806 1569 nostri
852 1533 855 1537 ·

683 1633 830 1708 Concede,
846 1633 986 1694 Domine.

99 2010 327 2075 ESSENTIA
341 2013 623 2095 superessentialis,
639 2021 756 2075 natura
769 2013 920 2090 increata,

235 2139 384 2228 Universi
398 2141 547 2219 creatrix,

101 2264 260 2328 Provideo
274 2273 317 2343 te,
333 2265 482 2343 Domine,
498 2266 534 2328 in
549 2273 721 2350 conspectu
735 2288 819 2345 meo,
865 2267 952 2331 Paul.
970 2267 1032 2329 xvi.
1049 2271 1079 2330 9.

145 2391 190 2453 Et
205 2390 246 2453 ad
259 2397 292 2453 te
306 2391 377 2454 levo
390 2392 532 2455 animam
547 2413 662 2456 meam.
709 2395 796 2457 Paul.
814 2415 885 2457 xxv.
903 2395 931 2456 l.

98 2516 212 2580 Adoro
225 2525 259 2580 te
272 2516 384 2600 positia
397 2518 543 2601 genibus,
591 2519 694 2604 [Paul.
711 2541 779 2584 xcv.
797 2518 846 2605 6.]

145 2645 190 2707 Et
204 2624 355 2708 humilior
369 2645 428 2710 sub
442 2648 568 2730 potenti
583 2668 684 2712 manu
698 2656 765 2711 tua.
813 2647 843 2709 l.
861 2647 931 2708 Pet.
948 2666 977 2707 v.
994 2648 1023 2708 6.

189 2773 345 2857 Expando
359 2796 474 2838 manus
489 2798 577 2840 meas
592 2777 633 2840 ad
647 2784 690 2854 te,

143 2900 266 2963 Anima
278 2921 351 2963 mea
365 2901 448 2964 sieut
463 2910 550 2966 terra
564 2904 633 2966 sine
648 2926 731 2988 aqua
745 2904 815 2982 tibi,
860 2903 949 2966 Psal.
965 2900 1061 2965 cxliii.
1078 2900 1109 2961 6.

223 3027 381 3091 'Percutio
395 3037 508 3111 peetus
525 3051 643 3109 meum,
688 3033 765 3094 laec.
781 3031 867 3093 xviii.
887 3029 938 3091 13.

232 3151 276 3214 ut
291 3151 363 3214 dico
376 3172 450 3215 cum
466 3152 654 3232 Publicano,

579 3285 736 3365 peccatori
752 3283 936 3358 admodum,

98 3340 191 3404 Deus
205 3341 362 3425 propitius
373 3351 442 3406 esto
455 3300 575 3474 mihi{

577 3411 904 3495 peccatorumprimo.
937 3409 966 3471 1.
981 3405 1087 3469 Tomi.
1102 3403 1152 3466 15.

232 3532 335 3614 Supra
349 3534 561 3598 Publicanum
579 3540 738 3620 peccatori

230 3658 391 3742 Propitius
407 3669 476 3725 esto
491 3671 645 3746 tanquam
662 3664 848 3728 Publicano.

229 3786 259 3847 Ο
276 3787 373 3850 Pater
387 3789 685 3867 misericordiarum,

233 3911 376 3977 Obsecro
391 3925 524 3996 paterna
538 3924 594 3980 tua
609 3919 736 3995 viscera,

463 4044 613 4107 Vermem
628 4046 841 4123 immundum,
867 4048 936 4128 [Pr.
952 4044 1026 4108 xxii.
1043 4043 1089 4127 6.]

94 4165 151 4227 Ne
172 4186 225 4229 me
245 4166 400 4249 despicias
459 4172 580 4233 Canem
601 4181 775 4236 mortuum.
821 4179 851 4237 2.
870 4175 954 4235 Sam.
971 4173 1010 4234 ix.
1030 4173 1059 4235 8.

458 4298 599 4361 Carlaver
615 4302 789 4380 putridum.
