2910 5002
200 435 266 498 408
424 479 426 483 «
474 435 645 501 PRECES
670 435 986 503 QUOTIDIANAE.

199 602 265 664 Jer.
299 624 371 665 xxx.
407 606 458 668 14.
504 605 604 682 Dura,

408 733 459 793 15.
506 731 696 797 Quantitate
718 752 847 814 magna,

199 858 287 921 Psal.
311 879 381 922 xxv.
408 861 459 922 11.
505 860 626 941 Longa,
650 858 690 921 ab
713 858 865 923 uberibus
888 860 1022 936 matrim

199 985 242 1051 Is.
266 1009 295 1049 v.
322 988 370 1050 18.
503 988 626 1065 Cra-ssa,
649 987 742 1050 funes
763 987 965 1071 iniquitati83

200 1113 276 1175 Hos.
300 1112 343 1175 ix.
366 1115 397 1175 9.
508 1113 681 1190 Profunda,

819 1240 934 1304 oneris.

200 1306 289 1369 Pnal.
312 1328 402 1368 xxxv.
426 1308 457 1368 4.
509 1306 628 1371 Gravia
649 1306 752 1369 instar
774 1258 806 1433 {

817 1367 951 1451 plumbi.

285 1493 339 1556 Ad
361 1494 478 1558 coelum
501 1494 606 1577 ipsum
629 1495 767 1558 clamore

270 1710 274 1717 ³
331 1640 388 1683 suo
410 1619 635 1702 pertingentia.

330 1807 462 1870 Peccavi

287 1938 423 2000 Peccata

330 2063 494 2131 Qualitate
516 2063 664 2146 pessima,

201 2192 286 2258 Quia
309 2193 416 2276 gratis,
440 2199 569 2276 propter
591 2213 683 2270 vana,
727 2193 817 2256 Rom.
841 2193 881 2256 vi.
905 2195 957 2257 21.

242 2343 299 2403 pro
320 2321 442 2404 pugillo
464 2319 587 2397 hordei,
610 2318 751 2401 pauxillo
773 2321 882 2402 panis3
929 2321 1046 2385 Ezech.
1070 2320 1137 2385 xiii.
1166 2323 1224 2386 19.

201 2448 286 2514 Quia
307 2468 380 2510 cum
404 2446 566 2523 aviditate,
611 2445 693 2526 Eph.
717 2446 757 2509 iv.
783 2448 834 2511 19.

243 2581 409 2657 peecatum
432 2595 526 2656 snper
546 2581 714 2656 peceatum
726 2599 735 2650 3
783 2573 838 2656 [In.
862 2597 935 2639 xxx.
962 2577 1006 2659 1.]

200 2704 286 2769 Quia
308 2703 388 2766 dura
410 2701 533 2777 front03
579 2702 644 2764 Jer.
668 2701 713 2764 iii.
737 2705 768 2765 3.

200 2831 286 2898 Quia
306 2831 341 2893 in
364 2829 567 2903 scandalum
614 2829 711 2892 Mati.
735 2828 800 2891 xiii.
825 2832 854 2892 7.
943 2878 946 2883 .
1034 2892 1038 2901 ,

200 2960 286 3026 Quia
307 2959 463 3041 ingratus,
508 2957 595 3019 Rom.
620 2956 641 3019 i.
664 2958 716 3019 21.

328 3085 425 3150 Canis
448 3084 488 3147 ad
510 3084 675 3162 vomitum,

330 3214 393 3300 Sus
415 3212 457 3275 ad
479 3211 703 3288 volutabrum
749 3213 769 3274 2
793 3213 864 3276 Pet.
888 3211 922 3274 ii.
946 3213 1001 3276 22.

200 3338 286 3404 Quia
309 3337 522 3401 Christianus.
571 3340 641 3402 Gal.
664 3338 699 3402 ii.
721 3340 773 3401 21.

200 3535 282 3600 Inde
305 3539 424 3612 autem,
448 3535 523 3617 quia

198 3665 312 3727 Justus
334 3683 368 3726 es
390 3663 449 3739 Tu,
473 3668 506 3724 et
528 3682 603 3725 vern

285 3789 414 3854 Judicia
435 3791 514 3866 Tua,

241 3918 383 3983 Comedo
406 3918 529 3982 fmotus
551 3918 720 3984 mendacii.

197 4047 287 4108 Rom.
310 4047 351 4109 vi.
375 4048 426 4109 21.
473 4047 561 4111 Nam
584 4069 680 4131 quem
703 4047 845 4109 fructum
865 4046 935 4130 jam
956 4044 1060 4110 habeo
1082 4040 1118 4109 in

283 4171 322 4234 iis
345 4171 386 4236 de
409 4173 524 4254 quibus
546 4173 721 4237 erubesco?

198 4297 276 4378 [Jer.
300 4299 332 4364 ii.
358 4301 423 4383 13.]
522 4300 687 4365 Cisternas
709 4321 834 4380 vacuas,
858 4324 973 4385 aquam
996 4323 1062 4366 non
1083 4297 1254 4367 habentes.
