2910 5002
275 395 316 455 16
552 397 690 459 E‘rXAl
718 400 1056 466 ΚΑΘΗΜΕΡΙΝΑΙ.

504 791 775 855 ΑΚΟΛΟΤΘΙΑ
797 793 885 856 ΤΟΤ
908 794 1097 862 ΟΡΘΡΟΎ.

358 973 448 1056 Δόξα
469 1001 531 1050 σοι,
556 976 667 1063 Κύριε,
690 975 768 1058 δόξα
791 1004 854 1055 σοι,

358 1100 447 1182 Δόξα
468 1101 741 1190 τῲπαρασχόντι
762 1130 818 1185 μοι
840 1102 940 1169 ὕπνον

442 1229 500 1299 Εἰς
522 1228 710 1295 ἀνάπαυσιν
731 1229 908 1307 ἀσθενείας,

443 1357 510 1421 Καὶ
531 1357 575 1426 εἰς
598 1358 710 1423 ἄνεσιν
732 1362 795 1423 τῶν
817 1359 925 1425 κόπων

444 1483 544 1566 τῆσδε
565 1489 621 1566 τῆς
643 1487 857 1574 πολυμόχθου
880 1488 1008 1576 σαρκός.

312 1735 378 1816 Τὴν
398 1734 519 1822 ἡμέραν
540 1735 660 1817 ταύτην
683 1737 737 1802 καὶ
759 1742 882 1819 πᾶσαν,
953 1769 959 1777 ·

267 1861 408 1935 Τελείαν,
432 1861 537 1944 ἅγιον,
561 1863 733 1948 εἰρηνικὴν,
757 1865 842 1948 ὑγιῆ,

311 1985 535 2073 ἀναμάρτητον
556 1986 677 2068 διάγειν

832 2117 1027 2204 Παρόσχου,
1052 2118 1161 2205 Κόριε.

307 2242 468 2324 Ἀγγελον
489 2244 622 2330 εἰρήνης,
645 2244 765 2309 πιστὸν
787 2243 911 2327 ὁδηγὸν,

352 2370 493 2436 Φόλακα
514 2376 578 2437 τῶν
599 2375 720 2459 ψυχῶν
742 2372 797 2436 καὶ
821 2372 991 2454 σωμάτων,

309 2506 596 2594 παρεμβάλλοντό
617 2533 658 2591 με
681 2508 801 2593 κύκλῳ,

350 2634 468 2698 καὶτὰ
492 2633 680 2720 σωτηριώδη
702 2661 758 2716 μοι
781 2633 831 2699 οέὶ
853 2636 1080 2717 ὑποτιθέμενον

828 2762 1019 2851 Παρόσχου,
1044 2762 1152 2850 Κύριε.

264 2889 331 2971 Τὴν
353 2887 545 2970 συγγνώμην
566 2889 620 2952 καὶ
642 2888 700 2970 τὴν
722 2887 840 2975 ἄφεσιν

306 3018 423 3080 πασῶν
445 3019 507 3082 τῶν
530 3014 704 3102 ἁμαρτιῶν,

305 3146 359 3210 καὶ
380 3145 510 3210 πάντων
532 3147 595 3209 τῶν
616 3145 906 3227 πλημμελημάτων

825 3271 1023 3360 Παρόσχου,
1048 3272 1157 3359 Κύριε.

248 3375 311 3466 ΙΤὰ
333 3399 418 3466 καλὰ
441 3399 495 3464 καὶ
517 3399 722 3486 συμφέροντα
744 3404 814 3468 ταῖς
836 3403 963 3486 ψυχαῖς
985 3397 1082 3480 ἡμῶν,

350 3523 417 3590 Καὶ
438 3522 564 3610 εἰρήνην
586 3526 631 3610 τῷ
653 3523 765 3608 κόσμῳ
871 3594 903 3655 .

824 3650 1018 3740 Παρόσχον,
1044 3651 1153 3738 Κύριε.

261 3785 324 3850 Τὸν
345 3782 526 3850 ὑπόλοιπον
547 3781 665 3869 χρόνον
686 3785 742 3863 τῆς
767 3783 843 3863 ζωῆς
864 3780 954 3864 ἡμῶν
1140 3788 1144 3797 “

348 3913 381 3976 ἐν
401 3909 555 3997 μετανοίᾳ
576 3908 630 3974 καὶ
653 3907 815 3996 εὐλαβείᾳ,

348 4040 381 4104 εὐ
402 4038 507 4125 ὑγιεία
528 4037 582 4102 καὶ
605 4037 711 4123 εἰρήνῃ
735 4037 904 4103 ἐκτελέσαι

823 4164 1017 4253 Παρόσχον,
1044 4165 1152 4252 Κόριε.

251 4304 347 4370 Ὅσα
377 4301 491 4383 ἀληθῆ,
528 4299 590 4365 όσα
620 4299 732 4383 σεμνὰ,
764 4300 826 4364 όσα
860 4298 977 4373 δίκαια,
1016 4298 1080 4364 όσα
1119 4300 1212 4381 ἁγυᾶ,
1251 4299 1316 4363 όσα
