2910 5002
440 445 608 512 recens
633 411 949 515 economum.
984 534 988 543 Ι
1156 453 1219 517 215

384 1146 609 1213 HOSANNA
632 1147 685 1215 IN
707 1152 947 1232 TERRENIS,

169 1373 347 1452 Memento,
371 1376 521 1455 Domine,
544 1398 697 1444 coronare

253 1523 374 1566 annum
396 1503 597 1588 benignitate
617 1516 685 1577 tua.
733 1507 834 1591 [Psal.
857 1509 920 1573 lxv.
945 1508 1011 1593 11.]

167 1626 262 1690 Oculi
283 1626 370 1691 enim
392 1631 540 1695 omnium
562 1633 596 1697 in
618 1642 652 1698 te
674 1641 814 1716 sperant,

66 1730 68 1734 Α
210 1753 326 1819 Tudas
337 1776 443 1820 escam
452 1778 563 1822 eorum
574 1759 610 1822 in
620 1767 764 1843 tempore
773 1767 965 1844 opportuno.
981 1761 1050 1847 [Pa.
1061 1763 1141 1828 cxlv.
1153 1764 1219 1847 15.]

167 1883 281 1965 Aperis
303 1890 341 1948 tu
362 1906 495 1949 manum
516 1893 617 1964 tunm,
640 1893 674 1951 et

252 2011 366 2095 imples
388 2034 484 2078 omne
507 2014 626 2078 animal
647 2014 883 2096 benedictione.
934 2016 1025 2102 [Ver.
1050 2017 1118 2103 16.]

296 2139 341 2202 Et
362 2138 467 2219 nobis,
492 2141 642 2220 Domine,
664 2142 782 2226 largire

169 2264 207 2327 de
229 2265 452 2331 benedictione
474 2268 557 2347 coeli,
581 2276 615 2332 et
636 2269 717 2333 roris
739 2269 886 2354 desuper,

212 2391 251 2455 de
273 2392 496 2459 benedictione
518 2395 659 2460 fontium
681 2396 789 2482 abyssi
811 2397 1019 2482 subjacentis,

255 2523 486 2588 conversiones
510 2524 604 2604 Solis,
629 2525 742 2590 Coitus
765 2525 878 2604 Lunae,

169 2648 208 2713 de
230 2649 348 2713 vertice
369 2651 529 2715 montium
553 2652 707 2732 Orientis,
731 2652 861 2718 collium
883 2653 1100 2737 antiquorum,

211 2777 251 2841 de
261 2775 408 2860 frugibus
418 2782 523 2854 terrae,
536 2782 570 2840 et
579 2775 783 2859 plenitudine
792 2777 871 2860 ejus,
884 2775 1107 2861 [Deutxn'iii.
1119 2777 1271 2861 13-1o.]

169 2905 341 2989 Copiosum
363 2902 440 2966 anni
462 2907 663 2986 proventum,
686 2901 874 2985 temperiem
897 2902 989 2980 seris,

170 3035 277 3098 Iraetas
299 3032 418 3116 fruges,
442 3038 476 3094 et
497 3030 682 3094 ubertatem
704 3029 880 3109 fr'uetnnm,

169 3163 329 3245 Vegetam
352 3159 492 3243 corporis
514 3157 673 3237 habitum,
696 3163 729 3221 et
750 3165 897 3241 tempora
916 3155 1060 3241 pacifica,

169 3290 334 3373 Principes
356 3287 458 3370 bonos
481 3293 514 3351 et
535 3286 618 3350 bene
639 3307 708 3351 rem
732 3292 892 3369 gerentes,

43 3439 49 3452 ·
169 3419 273 3502 Leges
294 3438 411 3500 eques,
435 3414 578 3480 Consilia
598 3421 696 3492 recta,
720 3412 854 3479 Judices
876 3413 1089 3497 incorruptos,

170 3544 333 3628 Obsequio
353 3542 474 3627 populi,
496 3543 711 3626 Magistratus
732 3541 968 3620 fortitudinem,

171 3672 379 3738 Facultatum
401 3670 610 3750 affluentiam,

450 3804 609 3880 conceptu
631 3817 848 3874 numerosam,
870 3801 967 3879 partu
988 3791 1126 3870 facilem,

224 3928 375 3992 Sobolem
448 3928 552 3992 forma
574 3934 607 3991 et
628 3926 772 3991 moribus
794 3926 973 4001 honestam,

447 4054 656 4120 incrementis
677 4053 826 4132 validam,
847 4052 910 4116 rite
931 4047 1126 4113 institutam.
