2910 5002
462 432 631 494 PRECES
658 432 973 497 QUOTIDIANAE.
1207 438 1245 499 17

447 802 673 864 OFFICIUM
698 803 994 868 MATUTINUM.

281 979 393 1044 Gloria
407 979 477 1056 tibi,
493 979 642 1056 Domine,
658 980 719 1044 tibi
733 981 844 1062 gloria,

283 1105 404 1185 Gloria,
417 1108 473 1191 qui
488 1107 568 1170 mihi
583 1129 732 1171 somnum
748 1108 873 1173 dederis

325 1233 368 1296 In
381 1234 616 1316 reparationem
631 1235 837 1311 infirmitatis,

369 1361 413 1423 Et
427 1360 463 1423 in
477 1361 622 1444 requiem
637 1361 785 1426 laborum

410 1487 508 1569 hujus
522 1488 643 1570 fragilis
659 1489 774 1552 carnis.

242 1700 337 1764 Hanc
349 1700 444 1775 diem,
460 1709 493 1763 et
508 1722 647 1778 ornnem,

197 1829 387 1907 Perfectum,
403 1837 558 1906 sanctam,
575 1830 742 1913 placidam,
758 1853 881 1911 sanam,

285 1958 409 2039 peccati
423 1957 602 2020 immunem
617 1960 798 2041 transigere

765 2087 910 2165 Concede,
927 2089 1070 2151 Domine.

199 2213 364 2295 Angelum
390 2213 486 2295 pacis,
511 2213 611 2277 fidum
639 2213 764 2291 ducem,

288 2341 464 2405 Custodem
480 2341 661 2404 animarum
676 2350 710 2406 et
725 2363 905 2425 corporum,

247 2478 538 2541 Castrametantem
553 2477 588 2539 in
604 2476 741 2541 circuitu
757 2498 839 2554 meo,
890 2478 960 2560 [Pa.
972 2479 1077 2541 xxxiv.
1091 2478 1137 2560 7.]

287 2604 331 2666 Et
345 2603 426 2666 mihi
440 2603 592 2668 salutaria
606 2624 732 2685 semper
747 2612 973 2686 suggerentem

766 2731 912 2809 Concede,
929 2733 1070 2794 Domine.

202 2862 340 2925 Veniam
366 2870 399 2923 et
413 2860 636 2924 remissionem

246 2988 402 3051 Omnium
417 2996 621 3072 peccatorum

289 3115 333 3177 Et
349 3113 540 3178 delictorum
555 3114 702 3176 omnium

767 3242 914 3318 Concede,
931 3242 1073 3303 Domine.

208 3375 310 3449 Boua,
326 3380 360 3434 et
375 3391 446 3453 quae
461 3371 629 3433 animabus
644 3371 762 3433 nostris
783 3368 968 3451 expediunt,

248 3501 291 3563 Et
305 3520 415 3582 pacem
430 3497 554 3561 mundo

772 3623 919 3699 Concede,
936 3622 1079 3683 Domine.

206 3752 379 3835 Reliquum
403 3753 477 3815 vitae
501 3760 621 3815 nostrae
647 3760 776 3833 tempus

294 3879 336 3941 Iu
351 3879 541 3961 poenitoutia
555 3888 588 3941 et
603 3878 791 3952 reverentia,

294 4006 335 4067 In
351 4006 489 4067 sanitate
504 4014 537 4067 et
552 4026 629 4086 pace
645 4005 822 4084 transigere

772 4131 917 4208 Concede,
936 4130 1077 4192 Domine.

208 4259 416 4342 Quaecunque
448 4281 531 4336 vera,
558 4280 756 4341 quaecuuque
788 4258 912 4333 decora,
943 4274 1141 4337 quaecunque
1163 4253 1261 4333 justa,

252 4403 313 4437 [HD.
329 4403 424 4438 namra
725 4401 748 4448 Ι)
