2910 5002
480 446 647 509 PRECES
673 445 988 512 QUOTIDIANAE.
1215 447 1254 509 81

290 617 532 682 confirmatione
554 638 666 680 eornm
702 618 894 811 {veritate
911 617 1064 809 pdonati

952 753 1037 809 sunt.

478 745 532 826 qui
555 744 611 808 abs
633 751 667 808 te
748 746 861 810 Gratia

77 884 82 892 ’
204 864 266 932 Pro
289 870 417 948 auxilio,
440 878 473 934 et
610 934 615 947 ,
736 873 845 936 animo

394 997 400 1009 ,
564 934 680 1015 qurbus
699 890 732 1065 {
869 891 1004 1064 }male
1026 943 1084 1000 est.

247 996 474 1075 consolatrone,
735 1022 866 1084 oorpore

248 1121 445 1204 singulorum
468 1130 501 1186 et
616 1191 622 1204 ,
742 1128 778 1191 in
801 1135 943 1211 egestate

246 1247 453 1329 singularum,
570 1212 624 1272 qm
698 1147 885 1340 {perplexi
954 1146 988 1320 i
1004 1204 1089 1259 ΒΜ

204 1372 266 1436 Pro
289 1373 454 1450 modestia,
478 1375 545 1664 etp
741 1383 917 1466 tranquillo
938 1383 1046 1446 animo

146 1496 152 1504 ’
245 1499 467 1565 moderatione
740 1517 855 1592 vegeto
877 1529 1008 1593 corpore

580 1595 636 1676 qui
1167 1605 1254 1662 sunt.

250 1626 454 1709 singulorum
477 1637 510 1692 et
739 1634 774 1697 in
789 1655 898 1698 rerum
914 1634 1080 1698 affluentia

245 1750 454 1832 singularum,
707 1709 717 1870 Ι
740 1762 897 1845 explicato
920 1762 1052 1827 consilio

734 1898 924 1975 stabiliatur,

734 2026 941 2109 adaugeatur.

737 2155 901 2233 liberetur,

734 2284 902 2347 adunetur.

202 1950 265 2013 Pro
275 1951 418 2015 Ecclesia
428 1953 603 2035 Cathohea
628 1966 664 2022 ut

735 2411 934 2488 restituatur,

731 2538 824 2622 paoifi
826 2558 862 2601 ee
884 2544 968 2620 agat.

414 2472 624 2552 Occidentali,
634 2484 671 2538 nt

689 1917 722 2092 ι

687 2430 824 2605 ι

416 2667 606 2749 Brittanica,

613 2795 822 2880 suppleantur
844 2791 995 2869 defectus,
1051 2866 1057 2880 ι

513 2868 551 2924 ut
566 2816 832 2991 {confirmentur
853 2810 1032 3004 reliqua}
1048 2887 1083 2929 m
1106 2887 1152 2929 ω’

200 3050 262 3112 Pro
284 3049 488 3134 Episcopatu,
514 3051 726 3135 Presbyterio,
751 3047 934 3113 Christiano
956 3045 1088 3130 Populo.

201 3177 265 3239 Pro
288 3177 413 3240 Politiis

285 3323 342 3385 per
364 3303 548 3366 universum
571 3301 703 3377 Orbem,

286 3429 486 3508 Christianis,
510 3437 543 3493 et
565 3451 636 3514 quae
657 3429 754 3511 louge
777 3433 862 3504 sunt,

286 3557 421 3633 Vicinis,

287 3684 359 3746 Hae
380 3691 501 3748 nostra

197 3808 261 3872 Pro
282 3810 322 3872 iis
345 3809 400 3891 qui
422 3831 496 3873 cum
518 3816 677 3893 potestate
701 3814 786 3883 sunt,

284 3935 355 3998 Deo
377 3955 450 3998 earo
472 3943 582 3998 nostro
607 3936 705 4017 Rege,

286 4062 420 4145 Regina,
445 4069 478 4126 et
503 4063 662 4146 Principe,

283 4187 416 4265 Aulieis,

284 4315 436 4392 Consilio,
460 4315 599 4393 Judicio,
623 4315 754 4391 Militia,
780 4309 948 4386 Satellitio,

241 4455 298 4488 nuo.
319 4455 414 4492 eurora
882 4453 908 4517 Μ
