2910 5002
373 442 375 446 '
432 448 601 512 PRECES
626 445 945 513 QUOTIDIANAE.
1150 449 1215 512 343

160 624 190 687 Ο
206 621 296 685 Deus
310 619 454 684 veritatis
469 619 567 683 etiam
583 623 615 682 et
632 619 786 703 Princeps
800 618 898 703 pacis,
945 618 1051 703 [Dent.
1067 620 1163 686 xxxii.
1181 624 1212 685 4.

290 749 334 812 Is.
357 749 398 812 ix.
422 747 468 832 6.]

207 880 258 944 Sit
279 900 340 963 pax
362 885 396 942 et
417 877 534 942 veritas
556 876 591 940 in
613 877 724 941 dicbus
747 877 875 956 nostris,
921 876 965 942 Is.
988 878 1091 943 xxxix.
1115 880 1145 943 8.

249 1008 300 1072 Sit
321 1027 424 1072 unum
446 1026 512 1085 cor,
535 1015 569 1069 et
591 1027 657 1069 una
679 1006 786 1070 anima

334 1133 537 1198 multitudini
559 1132 766 1197 credentium.
813 1133 886 1198 Act.
908 1133 948 1197 iv.
972 1136 1026 1200 32.

165 1388 195 1450 Ο
218 1386 272 1470 qui
295 1383 484 1450 arundinem
508 1390 691 1469 quassatam
713 1405 781 1449 non
802 1385 987 1472 confringis,

242 1535 347 1597 neque
354 1513 457 1578 linum
467 1513 629 1596 fumigans
638 1512 823 1597 exstinguis,
834 1513 878 1579 Is.
886 1515 985 1582 xliia.
999 1517 1156 1583 Mottxii.
1164 1521 1216 1584 20.

167 1641 282 1705 stabili
305 1662 416 1705 omnes
438 1641 473 1704 in
495 1640 630 1705 veritate
652 1646 685 1704 et
708 1642 812 1724 gratia
834 1650 969 1722 stantes,

210 1771 360 1835 Restitue
381 1791 493 1835 omnes
515 1771 601 1836 circa
622 1770 760 1835 haereses
781 1771 832 1834 vel
854 1779 985 1855 peccata
1006 1773 1160 1839 labentes.

167 1898 331 1981 Deprecor
352 1897 408 1974 Te,
432 1897 582 1975 Domine,
604 1895 640 1959 in
662 1895 751 1960 omni
773 1895 991 1962 misericordia
1011 1899 1090 1978 Tua,

253 2028 291 2087 ut
313 2022 477 2088 auferatur
498 2024 547 2086 ira
568 2023 639 2086 Tua

426 2150 466 2215 ab
488 2151 548 2214 hac
569 2149 659 2228 urbe,

427 2279 468 2343 ab
491 2279 551 2343 hac
574 2278 680 2358 domo,

514 2407 590 2491 quia
611 2407 812 2491 peccavimus
833 2408 906 2474 Tibi
916 2435 926 2488 ς

72 2624 74 2628 Ι
171 2542 218 2605 Ut
239 2539 346 2605 locum
367 2537 455 2601 hune
476 2558 544 2601 una
565 2558 639 2602 cum
660 2537 809 2601 universa
830 2538 970 2621 regione,

256 2666 415 2732 confortes
432 2665 560 2749 justitia
580 2687 638 2749 per
659 2665 909 2731 misericordiam

343 2790 533 2877 mitigando.

172 2923 223 2988 Da
243 2921 410 2987 redamare
431 2919 496 2984 mei
518 2927 673 2998 amantes,

257 3049 318 3114 etsi
339 3048 420 3112 mihi
440 3047 579 3132 ignotos,

172 3177 216 3241 Et
237 3175 356 3260 perduc
378 3196 432 3239 eos
454 3175 489 3238 in
512 3175 661 3259 Regnum
684 3176 789 3239 Tuum
812 3177 950 3255 coeleste,

345 3304 427 3368 sicut
449 3312 483 3368 et
504 3325 566 3383 me,

259 3433 303 3497 ut
325 3431 367 3496 da
388 3431 468 3496 mihi
490 3431 659 3497 ostendere
681 3431 746 3497 illis
768 3433 1016 3499 misericordiam
1041 3434 1113 3513 Dei,

414 3559 465 3650 ,in
487 3559 635 3642 precibus
657 3561 749 3625 meis.

175 3689 223 3752 Ut
244 3708 318 3751 cnm
338 3686 390 3750 his
411 3707 470 3770 pro
492 3688 609 3782 quibus
631 3688 734 3765 oravi,

259 3814 309 3878 vel
330 3814 544 3899 qualicunque
566 3813 662 3877 modo
685 3832 776 3877 orare
798 3819 922 3888 teneor,

390 3952 423 4006 et
445 3963 519 4006 oum
543 3941 632 4006 omni
653 3941 771 4025 populo
794 3939 868 4018 Dei,

261 4070 420 4136 introduci
444 4069 523 4133 mihi
547 4069 641 4134 detur
663 4069 699 4133 in
722 4070 872 4153 Regnum
894 4069 1011 4146 Tuum,

347 4198 392 4262 ibi
415 4219 566 4282 apparere
587 4199 623 4262 in
641 4197 779 4283 justitia,

349 4323 395 4388 ibi
417 4323 527 4389 satiari
550 4325 661 4408 gloria.
