2910 5002
466 448 633 518 PRECES
659 444 975 519 QUOTIDIANAE.

542 621 640 687 nitro
661 621 775 696 fateor,
839 588 845 600 “

501 747 645 825 Peccavi,
667 745 872 829 iniquitatem
894 743 966 823 feci,

499 875 616 959 Inique
638 874 701 957 egi,
723 873 853 938 rebellis
874 872 932 952 fui,
991 966 996 973 Ι

199 1005 215 1067 1
244 1005 314 1067 Cor.
331 1004 379 1101 ¹xi.
403 1006 456 1068 30.
502 1003 567 1068 Sed
590 1001 732 1086 dijudico
752 1001 821 1085 ipse
842 1021 906 1079 me,

587 1129 754 1212 Recogito,

586 1255 776 1333 Pronuntio,

199 1387 218 1446 2
245 1384 316 1446 Gor.
340 1382 391 1446 vii.
417 1385 466 1446 10.
498 1380 637 1446 Vindico
658 1381 783 1465 ipsein
804 1401 866 1444 mc.

501 1511 611 1585 Parce,
634 1509 785 1587 Domine,

504 1637 636 1721 Suscipe
659 1636 850 1702 sacrificium

202 1765 303 1848 [Prot.
327 1764 360 1827 li.
385 1763 451 1848 12]
499 1763 639 1848 Spiritus
669 1762 887 1840 contribulati,

545 1890 659 1956 Oordie
680 1891 822 1970 contriti,

500 2018 630 2084 Anime
652 2019 861 2096 conturbatur,

503 2146 633 2211 Renum
654 2147 907 2223 vulneratorum,

504 2270 718 2335 Conscientiae
741 2268 867 2335 sancite.

287 2524 317 2588 ‹ii
342 2524 385 2589 In
406 2518 453 2589 Tc
474 2522 612 2608 peccavi,

375 2652 487 2737 Atqui,
510 2652 660 2732 Domine,
683 2651 864 2736 aliquorum
886 2648 1098 2716 misereberis.

203 2777 257 2847 Pe.
268 2782 384 2847 lxxxix.
397 2780 478 2867 [co]
500 2780 660 2866 Nunquid
683 2779 720 2844 in
741 2801 860 2844 vonum
881 2777 1079 2845 constituisti
1099 2776 1154 2844 hic
1175 2778 1257 2843 filios

460 2909 654 2975 hominum?

203 3036 298 3099 Num.
320 3035 382 3100 xiv.
408 3037 458 3101 15.
505 3037 560 3101 An
574 3033 761 3118 exprobabit
775 3035 848 3101 'l'ibi
862 3034 1023 3115 inimicus,
1039 3033 1126 3120 quod
1140 3033 1258 3100 creasti

461 3182 522 3228 noe
544 3160 656 3240 occidi,
675 3165 742 3238 cut,
758 3161 834 3244 quia
855 3161 961 3242 odisti,
977 3161 1104 3240 creasti,
1126 3167 1164 3226 ut
1186 3182 1258 3245 per*

462 3287 554 3353 derce
563 3294 597 3352 et
609 3286 749 3366 deleree3
768 3294 824 3352 eut
836 3287 912 3371 quin
926 3308 1051 3353 servare
1065 3309 1132 3353 non
1145 3287 1256 3373 poteo?

205 3414 291 3483 Peal.
307 3415 401 3480 lxxiv.
418 3416 471 3480 23.
509 3415 639 3480 Memor
668 3420 737 3480 esto
765 3414 873 3500 hujus,
911 3414 1070 3480 Inimicus
1097 3414 1259 3499 imprope

463 3543 546 3609 revit
564 3543 715 3624 Domino,
735 3551 770 3610 et
787 3544 924 3629 populus
944 3543 1099 3628 insipiens
1113 3541 1260 3609 incitavit

463 3691 584 3735 nomen
605 3670 722 3736 Tuum„

206 3794 293 3862 Rom.
316 3796 361 3862 iii.
383 3797 438 3863 23.
505 3795 635 3880 Ubique
649 3816 761 3861 omnes
775 3801 996 3879 peccaverunt,
1012 3801 1046 3861 et
1063 3793 1259 3877 posthabuea

464 3931 542 3990 runt
565 3923 699 4009 gloriam
723 3924 796 3990 Dei.

206 4052 275 4117 Job.
299 4054 340 4117 ix.
365 4056 396 4118 3.
510 4052 546 4118 Si
574 4052 712 4118 volueris
737 4051 860 4138 judicio
889 4012 1093 4131 contendere,
1115 4071 1183 4115 non
1204 4069 1260 4132 po-

465 4179 542 4244 terit
559 4181 609 4245 vel
628 4181 825 4265 justissimus
847 4180 1040 4266 respondere
1062 4179 1136 4245 'libi
1157 4196 1259 4243 unum

466 4327 525 4390 pro
546 4307 699 4372 millibus.
