2910 5002
408 439 577 503 PRECES
603 435 919 503 QUOTIDIANAE.
1127 436 1191 497 277

183 610 245 672 Per
266 607 471 692 prudentiam
493 607 748 684 Proverbiorum,

183 739 245 799 Per
266 735 495 818 experientiam
519 735 749 816 Historiarum,

141 864 215 941 Qui,
238 862 295 925 ubi
316 861 404 926 venit
426 861 593 944 plenitudo
613 859 779 943 temporis,
827 857 897 920 Gal.
920 856 961 922 iv.
985 859 1016 921 4.

225 989 341 1053 misisti
363 989 482 1052 Filium
505 990 621 1065 Tuum,

141 1116 205 1180 Qui
228 1136 337 1178 semen
358 1114 498 1179 Abrahae
519 1113 737 1198 apprehendit,
780 1114 860 1178 Heb.
882 1113 915 1176 ii.
940 1113 990 1178 16.

141 1243 206 1308 Qui
228 1243 434 1326 semetipsum
456 1242 640 1320 exinanivit,

226 1370 363 1434 formam
386 1371 468 1433 servi
490 1369 658 1452 accipiens.
705 1370 789 1432 Phil.
813 1369 845 1444 ii.
871 1374 901 1434 7.

141 1497 206 1562 Qui
228 1497 332 1559 factus
354 1517 393 1558 ex
415 1496 557 1573 muliere,

225 1622 329 1684 factus
352 1620 514 1703 sublege,
564 1621 654 1704 [Gal.
677 1621 718 1683 iv.
741 1617 789 1702 4.]

311 1769 368 1830 per
391 1747 586 1811 oblationem
629 1748 712 1827 pr.
735 1767 765 1809 v.
790 1750 821 1810 2.

226 1875 299 1938 vitae
322 1896 387 1939 suae
407 1874 557 1957 praestitit
579 1873 769 1956 obsequium
790 1873 880 1956 legis,

312 2022 370 2084 per
392 2002 533 2065 hostiam
554 2001 667 2065 mortis
689 2021 754 2064 suae

270 2129 402 2192 sustulit
423 2127 630 2191 maledictum
653 2128 757 2210 Legis.
808 2128 896 2212 [Gal.
919 2127 965 2192 iii.
991 2127 1058 2211 la]

141 2259 250 2321 Morte
272 2276 331 2318 aua
352 2255 513 2318 redimens
1076 2321 1083 2336 ⁰

142 2384 388 2449 Resurrectione
403 2273 613 2446 vivificans}
636 2341 737 2404 genus
759 2327 916 2399 nostmm'
961 2321 1049 2384 ΒΜ
1074 2343 1114 2384 lv'
1138 2324 1194 2386 Μ’

140 2510 234 2573 Nihil
256 2531 321 2572 non
343 2510 462 2573 faciens
484 2530 547 2591 quo
570 2507 655 2571 facto
677 2528 758 2590 opus
780 2512 859 2586 erat,
903 2507 947 2572 Ia.
970 2528 1000 2571 v.
1022 2509 1054 2570 4.

184 2645 221 2700 ut
235 2659 295 2700 nos
310 2644 473 2700 consortes
489 2635 605 2700 divinae
618 2640 741 2698 naturae
755 2633 970 2697 redderemur.
1003 2637 1024 2697 2
1039 2633 1109 2696 Pet.
1125 2631 1146 2695 i.
1162 2633 1194 2693 4.

143 2765 208 2830 Qui
230 2762 445 2827 manifestavit
467 2762 597 2827 odorem
618 2762 743 2827 notitiae
764 2783 840 2840 suae,
885 2766 906 2826 2
931 2761 1001 2825 Cor.
1025 2760 1059 2824 ii.
1083 2761 1136 2824 l4.

184 2892 219 2954 in
241 2890 331 2955 omni
352 2890 423 2954 loco
444 2910 502 2973 per
522 2889 692 2972 Evangelii
714 2888 983 2972 pradicationem,

357 3018 550 3081 Contestans
572 3037 605 3080 se

185 3144 291 3207 Variis
313 3143 411 3226 signis
433 3150 466 3206 et
487 3142 670 3223 virtutibus,
713 3144 792 3208 Het.
816 3143 850 3206 ii.
874 3146 906 3206 4.

227 3269 373 3334 Mirabili
393 3269 468 3334 vitae
489 3270 709 3349 sanctimonia,
755 3273 771 3334 l
797 3271 867 3333 Pet.
891 3268 936 3332 iii.
959 3270 991 3332 2.

271 3394 430 3478 stupenda
451 3394 605 3479 potentia,

313 3544 414 3606 usque
436 3521 477 3585 ad
499 3521 662 3605 sangoinis
685 3522 883 3602 effusionem,
926 3521 1005 3585 Heb.
1028 3520 1070 3584 xi.
1099 3519 1179 3605 [32]

142 3648 330 3713 Incredibili
352 3649 557 3712 conversione
577 3647 679 3712 totins
703 3648 814 3712 mundi

583 3774 625 3837 ad
647 3773 754 3852 fidem,
802 3776 817 3836 1
842 3773 892 3835 .Ιο.
917 3794 946 3836 v.
970 3777 1001 3835 4.

162 3900 282 3963 nullius
304 3899 504 3962 auctoritatis

538 3917 571 4091 }
587 3959 782 4034 interventu,

161 4027 283 4090 nullius
304 4027 518 4109 persuasionis

144 4153 208 4217 Qui
230 4151 335 4215 fecisti
356 4173 415 4215 nos
436 4152 520 4216 filios
545 4155 748 4229 Sanctorum,

185 4282 217 4339 ct
239 4275 380 4338 haeredes
401 4277 577 4340 vocationis
599 4277 751 4359 ejusdem,
796 4277 873 4339 Hel.
896 4277 938 4339 ix.
965 4279 1014 4338 15.
