2910 5002
468 410 638 527 ldedCES
662 463 979 530 QUOTIDIANAE.

289 631 367 697 Non
389 638 426 696 ut
448 633 545 717 pedes
566 635 652 699 'lhos
673 635 787 719 rigare,

287 763 364 828 Non
387 762 522 846 copiose,
544 770 582 827 ut
606 763 772 855 jieremias,

287 889 366 953 Non
388 911 505 969 amare,
527 896 566 955 ut
589 892 715 971 Petrus,

463 1018 669 1102 (Quanquam
692 1019 732 1098 Ο,
756 1021 784 1084 ai
806 1021 851 1086 sie
864 1019 886 1104 Ι)

201 1145 247 1209 At
268 1144 319 1209 vel
339 1145 550 1231 lacrymulam
571 1147 686 1211 saltem
706 1169 806 1212 unam

460 1270 570 1355 Atque
591 1273 725 1338 alteram
747 1275 860 1359 supple
871 1300 881 1352 3

289 1399 396 1465 Quam
418 1399 467 1462 Tu
488 1399 526 1462 in
545 1385 619 1464 utre
640 1401 710 1465 Tuo
731 1401 896 1479 recondas,

289 1526 397 1592 Quam
418 1525 455 1588 in
476 1527 721 1592 commentarios
743 1528 829 1592 Tuos
851 1527 980 1591 referas.
1062 1537 1068 1547 ’

205 1653 264 1716 Sin
286 1674 346 1718 neo
367 1653 429 1718 hoo
451 1654 599 1737 impetro,
622 1654 675 1732 ah,
697 1654 837 1738 pumex!

285 1781 340 1847 Ah
361 1801 424 1859 me,
447 1801 520 1845 vere
542 1781 681 1846 calcem!
712 1781 749 1845 in
772 1803 855 1866 aqua
875 1780 995 1866 frigida
1015 1780 1204 1858 ferventem,

285 1909 396 1987 Extra,
418 1906 475 1972 ubi
497 1906 605 1971 minus
627 1914 765 1993 oportet,
788 1907 910 1992 absque
931 1906 1067 1985 fervore,
1091 1890 1093 1894 Α

286 2034 355 2100 Ubi
376 2057 444 2100 non
465 2028 593 2119 oportet
615 2036 778 2101 dolentem
801 2036 889 2117 sutis,

287 2163 355 2228 Ubi
375 2163 514 2228 maxime
537 2170 675 2248 oportet,
695 2164 861 2248 frigidum,
885 2163 1021 2244 aridum,
1044 2169 1235 2240 emortuum,

202 2285 324 2358 Sdltem
346 2291 387 2356 de
408 2291 559 2376 lacrymis
582 2292 705 2356 Christi
727 2293 788 2356 'rui

288 2417 423 2502 Imperti
444 2416 526 2480 mihi
549 2417 682 2501 aliquas,

200 2547 290 2613 Quas
310 2546 346 2610 in
369 2545 481 2610 diebus
502 2545 608 2610 carnis
630 2567 695 2610 suae
716 2546 801 2610 fudit
822 2545 976 2611 ubertim.

200 2672 336 2758 Imperti
359 2673 388 2737 O
411 2673 492 2737 mihi
515 2673 556 2737 de
577 2673 627 2737 iis.

288 2801 468 2884 Supersunt
489 2798 525 2862 in
546 2800 603 2863 iilo
625 2799 715 2878 mihi,
739 2821 810 2883 quae
832 2800 867 2862 in
889 2820 942 2862 me
964 2797 1044 2862 mihi
1066 2796 1194 2861 desunt.

451 3136 656 3199 oratiuncula
672 3140 747 3217 post
773 3131 1008 3215 Confessioaem.

199 3315 229 3378 O
255 3315 406 3377 Servator
425 3312 482 3390 mi,
505 3312 644 3392 Christe,
669 3313 820 3376 Servator
840 3310 897 3388 mi,

289 3443 371 3510 Quis
392 3441 474 3505 mihi
496 3440 562 3520 det,
584 3448 623 3504 ut
643 3439 733 3523 prius
754 3438 876 3503 moriar

374 3591 470 3654 quam
493 3571 539 3634 Te
561 3569 668 3633 denuo
690 3567 864 3647 offendam,

199 3699 328 3764 Christe
352 3698 504 3762 Servator
525 3695 581 3776 mi,
605 3697 636 3760 0
659 3697 810 3759 Servatur
831 3694 902 3757 mi?

287 3827 316 3890 0
339 3826 490 3904 Domine,
512 3821 638 3889 novum
655 3821 874 3906 supervenisse
898 3819 1058 3905 Spiritum

372 3952 468 4016 Nova
489 3951 563 4015 vitre
583 3949 667 4014 ratio
691 3949 909 4023 demonstret;

198 4078 287 4142 Nam
310 4078 502 4162 poenitentia
522 4098 609 4154 vera,
630 4097 716 4140 nova
736 4075 811 4152 vita,

200 4206 244 4270 Et
266 4227 341 4271 vera
363 4205 527 4285 confessio,
550 4205 620 4270 sine
641 4202 878 4269 intermissione
899 4201 1070 4286 poenitere,
1124 4207 1126 4211 ’

289 4331 498 4398 Obseruando
523 4332 699 4399 Sabbatum
722 4338 915 4417 perpetuum
