2910 5002
258 450 325 516 360
530 450 700 514 PRECES
724 447 1045 516 QUOTIDIANAE.

532 620 657 703 Septem
683 621 786 702 Opera
808 604 1069 693 Mmericordt'ae.¹

349 746 546 828 Omporalia.
878 746 1077 828 Spiritualia.
1115 770 1118 775 ·

261 871 290 936 1.
315 872 435 953 visito,
788 877 817 938 1.
842 872 993 951 Consule,

259 1004 292 1068 2.
314 1004 407 1083 Poto,
786 1005 818 1066 2.
842 1002 963 1080 Plecte,

259 1134 290 1196 3.
315 1130 405 1211 cibo,
786 1131 820 1192 3.
841 1130 941 1208 Dooe,

259 1263 291 1324 4.
316 1259 464 1339 Redime,
685 1305 690 1318 .
786 1260 817 1321 4.
843 1258 966 1336 Solare,

260 1388 291 1450 5.
314 1386 412 1468 Tego,
788 1388 819 1448 5.
843 1383 998 1462 Remitte,

260 1515 292 1577 6.
315 1511 452 1595 Collige,
786 1511 818 1575 6.
841 1512 913 1591 Fer,

260 1641 290 1704 7.
312 1638 434 1704 Condo.
786 1643 816 1705 7.
841 1639 921 1705 Ora.

670 1888 782 1977 Πατὲρ
802 1888 901 1973 ἡμῶν,

283 2021 313 2086 1.
328 2019 444 2102 ’Ἀγιος
466 2016 496 2084 εἴ
516 2018 570 2099 σύ,

368 2145 461 2231 ἅγιον
481 2146 520 2212 τὸ
541 2145 642 2231 ὄνομά
663 2172 725 2214 σου
745 2145 826 2236 ὑπὲρ
849 2149 917 2213 πᾶν
937 2146 1047 2230 ὄνομα,

433 2282 543 2340 sancte
565 2283 598 2339 et
620 2296 695 2340 cum
717 2277 807 2340 omni
834 2276 1038 2341 veneratione
1067 2274 1254 2341 habendum
1275 2274 1318 2340 ab

433 2403 593 2484 omnibus,
616 2411 650 2469 et
671 2426 692 2469 a
714 2405 908 2489 quibusdam
928 2404 1000 2489 plus
1021 2405 1124 2488 magis
1146 2405 1228 2485 aliis,

475 2534 591 2618 m'eque
612 2533 771 2618 imprimis
794 2555 889 2618 super
909 2534 1040 2598 multos.

520 2659 600 2722 Non
621 2657 722 2724 habui
743 2665 874 2723 tamen:

259 2807 319 2850 nec
342 2786 428 2870 quod
445 2787 541 2871 juxta
561 2808 614 2851 me
636 2787 699 2851 fuit
722 2795 856 2852 conatus
879 2809 951 2851 sum
971 2787 1085 2852 facem.

345 2914 405 2980 Vae
426 2914 509 2979 mihi
529 2914 657 2994 misero,
683 2915 770 2999 quod
790 2936 867 2994 non,

431 3043 572 3128 ingenue
591 3043 708 3110 fateor.

629 3168 751 3259 καρδίᾳ

258 3366 310 3431 Ex
332 3365 440 3430 animo
463 3365 555 3430 doleo
629 3298 684 3370 „ot”

626 3428 735 3512 mm.

626 3548 794 3634 πνεύματι.

260 3681 402 3766 Supplex
422 3681 550 3745 veniam
571 3701 677 3766 posm,
701 3680 833 3764 supplex
855 3679 1001 3763 gratiam,

343 3808 471 3874 Dehinc
491 3798 537 3872 ut'
552 3810 597 3874 sic
619 3810 740 3894 loquar,
763 3808 890 3889 faciam,
913 3810 1029 3886 vivam,

384 3944 424 4001 ut
446 3938 663 4002 sanctificetur
684 3959 804 4002 nomen
826 3939 943 4017 Tuum,

343 4062 470 4127 utinam
493 4071 526 4129 et
549 4064 589 4128 ab
611 4065 682 4129 aliis
703 4073 833 4149 propter
854 4064 927 4130 me!

256 4191 289 4256 2.
313 4191 464 4274 Regnum
485 4191 602 4272 Tuum,
625 4197 775 4258 votorum
796 4212 944 4257 meorum
965 4196 1073 4275 caput,

345 4318 419 4386 Quo
441 4339 500 4402 ego
521 4319 705 4404 perveniam
727 4319 769 4384 ad
789 4319 871 4386 illud
892 4320 927 4386 in
950 4325 1038 4385 statu
1060 4317 1182 4402 gloriae,
