2910 5002
412 467 581 534 ennena
606 463 921 532 ouonnnnn.
1028 416 1031 422 ‘
1128 459 1186 522 111

182 641 359 706 seeundum
381 639 569 702 interiorem
591 637 766 713 hominem,
812 633 895 697 Vera.
919 636 970 696 22.

141 770 205 836 Sed
229 769 324 832 aliam
346 769 453 850 legem
476 765 580 829 sentio
602 765 636 827 in
659 761 811 827 membris
832 761 923 839 meis,
969 763 1053 825 Vera.
1077 758 1130 822 23.

183 898 418 978 repugnantem
439 890 505 973 legi
527 889 645 952 mentis
667 908 757 966 mete,

227 1027 260 1084 et
283 1019 499 1102 captivantem
522 1037 575 1079 me
596 1015 633 1078 in
654 1015 724 1098 lege
745 1013 879 1097 peceati.

225 1121 227 1126 Ι
270 1146 392 1210 Infelix
414 1166 473 1227 ego
494 1143 602 1222 homo,

144 1273 225 1340 Quis
247 1294 300 1336 me
321 1270 473 1335 liberabit
497 1271 537 1334 de
560 1289 691 1354 corpore
713 1269 826 1333 mortis
848 1268 967 1352 hujus?
988 1316 998 1326 .
1061 1301 1063 1304 ·

230 1401 344 1464 Gratia
365 1401 436 1464 Deo
457 1420 514 1482 per
529 1400 641 1462 Jesum
664 1397 839 1475 Christum,
892 1400 977 1463 Vera.
1000 1398 1053 1460 24.

188 1527 293 1606 Quod,
317 1527 374 1591 ubi
396 1524 571 1589 abundavit
594 1523 758 1601 delictum,
781 1522 829 1586 ibi

231 1650 500 1736 superabundavit
523 1649 636 1733 gratia.
676 1649 765 1712 nan.
790 1670 818 1711 v.
842 1648 873 1711 2.

146 1779 335 1857 ODomine,
343 1773 872 1860 benignitastuaadpoenitentiam
880 1796 933 1838 me
942 1774 1081 1841 deducit.
1111 1777 1282 1844 mnnita

190 1906 263 1970 Ohl
288 1904 330 1968 da
350 1905 430 1967 mihi
452 1902 624 1986 aliquando
640 1900 867 1985 poenitentiam
887 1901 928 1964 ad
946 1902 1195 1986 resipiscendum

146 2055 166 2096 a
187 2031 306 2096 diaboli
326 2030 458 2114 laqueis,
478 2051 497 2093 a
519 2050 582 2112 quo
605 2028 747 2111 captivus
769 2036 882 2093 teneor
902 2029 944 2092 ad
960 2030 1062 2113 ipsius
1083 2032 1196 2097 volun-

146 2167 258 2227 tatem.
303 2163 324 2224 2
350 2160 426 2223 lim.
450 2159 484 2221 ii.
507 2161 560 2236 25,
583 2160 635 2222 26.

194 2286 338 2351 Sufficiat
359 2285 440 2349 mihi
462 2285 662 2368 praeteritum
684 2284 757 2349 vitae
779 2289 917 2368 tempus,

56 2490 64 2497 ,
149 2415 189 2480 ad
210 2413 411 2478 voluntatem
433 2410 704 2495 concupiscentiae
719 2412 1018 2493 consummandam,
1038 2434 1113 2478 eum
1131 2437 1198 2479 am·

192 2541 370 2607 bulaverim
398 2541 433 2603 in
467 2539 613 2617 luxuriis,
644 2539 941 2620 comessationibus,
970 2543 1199 2624 potationibus,

236 2675 269 2732 et
290 2668 413 2750 reliqua
433 2667 568 2730 luxuriae
589 2665 783 2730 confusione
830 2668 847 2728 1
873 2667 944 2731 Pet.
966 2667 1008 2732 iv.
1031 2671 1062 2733 3.

154 2799 227 2878 Sed,
251 2820 270 2862 ο
292 2799 397 2881 Agne,
420 2795 626 2860 immaculate
648 2803 681 2859 et
703 2797 965 2876 incontaminate,

198 2926 264 2993 Qui
286 2946 338 2988 me
360 2924 500 3008 pretioso
521 2931 579 2987 tuo
602 2923 759 3006 sanguine
780 2923 954 3002 redemisti,
990 2928 1007 2991 1
1025 2926 1095 2990 Pet.
1110 2926 1132 2989 i.
1150 2928 1209 2990 19:

239 3053 296 3116 illo
318 3051 476 3134 sanguine
498 3057 557 3115 tuo
579 3050 741 3129 miserere,
765 3056 798 3114 et
821 3071 911 3114 serva
932 3071 1004 3116 me:

326 3179 383 3242 illo
406 3178 571 3261 sanguine,

284 3314 380 3389 atque
402 3306 459 3370 illo
480 3305 612 3369 nomine
633 3312 701 3382 tuo,

199 3438 291 3498 extra
313 3431 399 3515 quod
421 3452 488 3496 non
510 3437 559 3494 est
581 3430 670 3494 aliud
691 3450 812 3494 nomen

243 3559 354 3623 datum
376 3557 559 3622 hominibus
582 3556 641 3621 sub
663 3557 753 3635 coelo,

199 3685 235 3747 in
257 3704 320 3767 quo
342 3688 489 3766 oporteat
509 3703 569 3746 noa
591 3682 695 3747 salvos
716 3680 801 3747 lieri.v
841 3684 914 3746 Act.
937 3687 979 3749 iv.
1004 3685 1054 3748 12.

158 3808 309 3886 Domine,
330 3813 370 3870 tu
391 3806 452 3870 sois
473 3806 692 3889 insipientiam
713 3826 829 3884 meam,

201 3941 235 3998 et
257 3934 374 3998 delicta
396 3955 470 3999 mea
492 3955 512 3997 a
534 3940 568 3996 te
590 3954 657 3996 non
680 3940 756 3996 sunt
777 3933 974 3998 abscondita.
1014 3936 1068 3999 Po.
1084 3934 1159 4000 lxix.
1177 3940 1206 3999 5.

159 4062 310 4141 Domine,
334 4069 410 4126 ante
435 4069 469 4125 te
491 4081 588 4125 omne
610 4059 807 4125 desiderium
830 4081 949 4140 meum,

202 4197 236 4252 et
247 4189 386 4271 gemitus
400 4209 491 4253 meus
502 4196 565 4252 ate
578 4209 645 4252 non
661 4194 711 4252 est
725 4186 939 4253 absoonditus.
971 4188 1023 4254 Ps.
1036 4189 1163 4254 xxxviii.
1175 4191 1207 4254 9.

160 4318 240 4380 Non
262 4316 453 4380 erubescant
474 4317 510 4379 in
531 4337 585 4381 me
607 4317 662 4399 qui
684 4323 869 4400 exspectant
