<?xml version="1.0" encoding="UTF-8"?>
<!DOCTYPE html PUBLIC "-//W3C//DTD XHTML 1.0 Transitional//EN"
    "http://www.w3.org/TR/xhtml1/DTD/xhtml1-transitional.dtd">
<html xmlns="http://www.w3.org/1999/xhtml" xml:lang="en" lang="en">
 <head>
  <title>
</title>
<meta http-equiv="Content-Type" content="text/html;charset=utf-8" />
  <meta name='ocr-system' content='tesseract 3.04.00' />
  <meta name='ocr-capabilities' content='ocr_page ocr_carea ocr_par ocr_line ocrx_word'/>
</head>
<body>
  <div class='ocr_page' id='page_1' title='image "./precesprivataeq00andrgoog_0144.png"; bbox 0 0 2910 5002; ppageno 0'>
   <div class='ocr_carea' id='block_1_1' title="bbox 189 417 1058 484">
    <p class='ocr_par' dir='ltr' id='par_1_1' title="bbox 189 417 1058 484">
     <span class='ocr_line' id='line_1_1' title="bbox 189 417 1058 484; baseline -0.001 -1"><span class='ocrx_word' id='word_1_1' title='bbox 189 423 252 484; x_wconf 80' lang='lat'>124</span> <span class='ocrx_word' id='word_1_2' title='bbox 463 419 601 482; x_wconf 79' lang='lat' dir='ltr'>ETXAI</span> <span class='ocrx_word' id='word_1_3' title='bbox 626 417 968 482; x_wconf 79' lang='grc' dir='ltr'><strong>ΚΑΘΗΜΕΡΙΝΑῘ.</strong></span> <span class='ocrx_word' id='word_1_4' title='bbox 1055 422 1058 427; x_wconf 84' lang='grc'><strong>’</strong></span> 
     </span>
    </p>
   </div>
   <div class='ocr_carea' id='block_1_2' title="bbox 194 586 1253 1375">
    <p class='ocr_par' dir='ltr' id='par_1_2' title="bbox 194 586 1253 1375">
     <span class='ocr_line' id='line_1_2' title="bbox 276 586 1032 673; baseline 0 -19"><span class='ocrx_word' id='word_1_5' title='bbox 276 590 330 654; x_wconf 81' lang='grc' dir='ltr'>καὶ</span> <span class='ocrx_word' id='word_1_6' title='bbox 352 593 415 655; x_wconf 81' lang='grc' dir='ltr'>τῶν</span> <span class='ocrx_word' id='word_1_7' title='bbox 437 588 668 671; x_wconf 74' lang='grc' dir='ltr'>ἐντειλαμένων</span> <span class='ocrx_word' id='word_1_8' title='bbox 688 588 767 673; x_wconf 80' lang='grc' dir='ltr'>ἡμῖν</span> <span class='ocrx_word' id='word_1_9' title='bbox 788 591 855 661; x_wconf 87' lang='grc' dir='ltr'>τοῦς</span> <span class='ocrx_word' id='word_1_10' title='bbox 877 586 1032 672; x_wconf 78' lang='grc' dir='ltr'>ύυαξίοις,</span> 
     </span>
     <span class='ocr_line' id='line_1_3' title="bbox 321 715 905 799; baseline 0 -18"><span class='ocrx_word' id='word_1_11' title='bbox 321 715 406 781; x_wconf 79' lang='grc' dir='ltr'>ὥστε</span> <span class='ocrx_word' id='word_1_12' title='bbox 426 716 632 799; x_wconf 79' lang='grc' dir='ltr'>μνημονεύειν</span> <span class='ocrx_word' id='word_1_13' title='bbox 652 715 757 782; x_wconf 76' lang='grc' dir='ltr'>αὐτῶν</span> <span class='ocrx_word' id='word_1_14' title='bbox 779 717 814 782; x_wconf 75' lang='grc' dir='ltr'>ἐν</span> <span class='ocrx_word' id='word_1_15' title='bbox 834 720 905 788; x_wconf 70' lang='grc' dir='ltr'>ταῖς</span> 
     </span>
     <span class='ocr_line' id='line_1_4' title="bbox 366 844 686 934; baseline 0 -25"><span class='ocrx_word' id='word_1_16' title='bbox 366 849 566 934; x_wconf 74' lang='grc' dir='ltr'>προσενχαῖς</span> <span class='ocrx_word' id='word_1_17' title='bbox 585 844 686 927; x_wconf 77' lang='grc' dir='ltr'>ἡμῶν.</span> 
     </span>
     <span class='ocr_line' id='line_1_5' title="bbox 194 1031 1253 1118; baseline 0 -19"><span class='ocrx_word' id='word_1_18' title='bbox 194 1033 262 1099; x_wconf 67' lang='grc' dir='ltr'>Καὶ</span> <span class='ocrx_word' id='word_1_19' title='bbox 282 1031 403 1103; x_wconf 82' lang='grc' dir='ltr'>παντὸς</span> <span class='ocrx_word' id='word_1_20' title='bbox 425 1036 480 1098; x_wconf 88' lang='grc' dir='ltr'>τοῦ</span> <span class='ocrx_word' id='word_1_21' title='bbox 502 1036 584 1098; x_wconf 88' lang='grc' dir='ltr'>λαοῦ</span> <span class='ocrx_word' id='word_1_22' title='bbox 606 1059 667 1097; x_wconf 89' lang='grc' dir='ltr'>σον</span> <span class='ocrx_word' id='word_1_23' title='bbox 687 1032 861 1113; x_wconf 84' lang='grc' dir='ltr'>μνήσθητι,</span> <span class='ocrx_word' id='word_1_24' title='bbox 882 1031 1024 1118; x_wconf 84' lang='grc' dir='ltr'>Κύριε,ύ</span> <span class='ocrx_word' id='word_1_25' title='bbox 1048 1032 1130 1104; x_wconf 82' lang='grc' dir='ltr'>Θεὸς</span> <span class='ocrx_word' id='word_1_26' title='bbox 1151 1032 1253 1116; x_wconf 82' lang='grc' dir='ltr'>ἦμῦν,</span> 
     </span>
     <span class='ocr_line' id='line_1_6' title="bbox 239 1157 1092 1248; baseline 0.002 -21"><span class='ocrx_word' id='word_1_27' title='bbox 239 1161 293 1227; x_wconf 76' lang='grc' dir='ltr'>καὶ</span> <span class='ocrx_word' id='word_1_28' title='bbox 315 1159 370 1225; x_wconf 77' lang='grc' dir='ltr'>ἐπὶ</span> <span class='ocrx_word' id='word_1_29' title='bbox 391 1160 516 1230; x_wconf 80' lang='grc' dir='ltr'>πάντας</span> <span class='ocrx_word' id='word_1_30' title='bbox 537 1157 650 1248; x_wconf 75' lang='grc' dir='ltr'>ἔκχεον</span> <span class='ocrx_word' id='word_1_31' title='bbox 671 1158 708 1224; x_wconf 81' lang='grc' dir='ltr'>τὸ</span> <span class='ocrx_word' id='word_1_32' title='bbox 729 1158 889 1225; x_wconf 85' lang='grc' dir='ltr'>πλούσιόν</span> <span class='ocrx_word' id='word_1_33' title='bbox 911 1186 972 1225; x_wconf 90' lang='grc' dir='ltr'>σου</span> <span class='ocrx_word' id='word_1_34' title='bbox 993 1158 1092 1238; x_wconf 73' lang='grc' dir='ltr'>ἔλεος,</span> 
     </span>
     <span class='ocr_line' id='line_1_7' title="bbox 282 1284 1093 1375; baseline -0.002 -20"><span class='ocrx_word' id='word_1_35' title='bbox 282 1284 371 1355; x_wconf 79' lang='grc' dir='ltr'>πᾶσι</span> <span class='ocrx_word' id='word_1_36' title='bbox 391 1284 547 1375; x_wconf 75' lang='grc' dir='ltr'>παρέχων</span> <span class='ocrx_word' id='word_1_37' title='bbox 568 1286 610 1351; x_wconf 78' lang='grc' dir='ltr'>τὰ</span> <span class='ocrx_word' id='word_1_38' title='bbox 631 1287 713 1375; x_wconf 81' lang='grc' dir='ltr'>πρὸς</span> <span class='ocrx_word' id='word_1_39' title='bbox 736 1286 899 1375; x_wconf 76' lang='grc' dir='ltr'>σωτηρίαν</span> <span class='ocrx_word' id='word_1_40' title='bbox 920 1286 1093 1371; x_wconf 80' lang='grc' dir='ltr'>αι’τήματα.</span> 
     </span>
    </p>
   </div>
   <div class='ocr_carea' id='block_1_3' title="bbox 330 1480 963 1567">
    <p class='ocr_par' dir='ltr' id='par_1_3' title="bbox 330 1480 963 1567">
     <span class='ocr_line' id='line_1_8' title="bbox 330 1480 963 1567; baseline 0.002 -17"><span class='ocrx_word' id='word_1_41' title='bbox 330 1485 396 1550; x_wconf 85' lang='grc' dir='ltr'>Καὶ</span> <span class='ocrx_word' id='word_1_42' title='bbox 417 1483 462 1550; x_wconf 77' lang='grc' dir='ltr'>ὧν</span> <span class='ocrx_word' id='word_1_43' title='bbox 482 1485 571 1566; x_wconf 79' lang='grc' dir='ltr'>ἡμεῖς</span> <span class='ocrx_word' id='word_1_44' title='bbox 593 1484 650 1550; x_wconf 86' lang='grc' dir='ltr'>ούιι</span> <span class='ocrx_word' id='word_1_45' title='bbox 673 1480 963 1567; x_wconf 78' lang='grc' dir='ltr'>ἐμνημονεύσαμεν,</span> 
     </span>
    </p>
   </div>
   <div class='ocr_carea' id='block_1_4' title="bbox 200 1610 1007 2086">
    <p class='ocr_par' dir='ltr' id='par_1_4' title="bbox 200 1610 1007 2086">
     <span class='ocr_line' id='line_1_9' title="bbox 200 1610 972 1696; baseline 0.001 -18"><span class='ocrx_word' id='word_1_46' title='bbox 200 1612 241 1678; x_wconf 86' lang='grc' dir='ltr'>δι’</span> <span class='ocrx_word' id='word_1_47' title='bbox 264 1611 406 1696; x_wconf 79' lang='grc' dir='ltr'>ἅιγνοιαν,</span> <span class='ocrx_word' id='word_1_48' title='bbox 427 1611 448 1693; x_wconf 81' lang='grc' dir='ltr'><em>ἢ</em></span> <span class='ocrx_word' id='word_1_49' title='bbox 470 1610 584 1695; x_wconf 82' lang='grc' dir='ltr'>λήθην,</span> <span class='ocrx_word' id='word_1_50' title='bbox 607 1613 627 1695; x_wconf 77' lang='grc' dir='ltr'><em>ἢ</em></span> <span class='ocrx_word' id='word_1_51' title='bbox 649 1613 777 1696; x_wconf 80' lang='grc' dir='ltr'>πλῆθος</span> <span class='ocrx_word' id='word_1_52' title='bbox 797 1611 972 1696; x_wconf 75' lang='grc' dir='ltr'>ὀνομάτων,</span> 
     </span>
     <span class='ocr_line' id='line_1_10' title="bbox 288 1735 925 1819; baseline 0.003 -17"><span class='ocrx_word' id='word_1_53' title='bbox 288 1735 382 1807; x_wconf 80' lang='grc' dir='ltr'>αὐτὸς</span> <span class='ocrx_word' id='word_1_54' title='bbox 402 1736 624 1819; x_wconf 85' lang='grc' dir='ltr'>μνημόνευσον</span> <span class='ocrx_word' id='word_1_55' title='bbox 644 1736 661 1803; x_wconf 91' lang='grc' dir='ltr'>ὁ</span> <span class='ocrx_word' id='word_1_56' title='bbox 684 1739 775 1813; x_wconf 81' lang='grc' dir='ltr'>Θεὸς,</span> <span class='ocrx_word' id='word_1_57' title='bbox 797 1737 816 1804; x_wconf 83' lang='grc' dir='ltr'>ὁ</span> <span class='ocrx_word' id='word_1_58' title='bbox 837 1737 925 1810; x_wconf 76' lang='grc' dir='ltr'>είδῦς</span> 
     </span>
     <span class='ocr_line' id='line_1_11' title="bbox 202 1865 997 1955; baseline -0.001 -22"><span class='ocrx_word' id='word_1_59' title='bbox 202 1866 343 1933; x_wconf 79' lang='grc' dir='ltr'>ἑκάστου</span> <span class='ocrx_word' id='word_1_60' title='bbox 363 1865 423 1948; x_wconf 75' lang='grc' dir='ltr'>τὴν</span> <span class='ocrx_word' id='word_1_61' title='bbox 444 1865 586 1949; x_wconf 74' lang='grc' dir='ltr'>ἡλικίαν,</span> <span class='ocrx_word' id='word_1_62' title='bbox 607 1866 662 1932; x_wconf 77' lang='grc' dir='ltr'>καί</span> <span class='ocrx_word' id='word_1_63' title='bbox 684 1866 744 1948; x_wconf 75' lang='grc' dir='ltr'>τὴν</span> <span class='ocrx_word' id='word_1_64' title='bbox 764 1867 997 1955; x_wconf 79' lang='grc' dir='ltr'>προσηγορίαν,</span> 
     </span>
     <span class='ocr_line' id='line_1_12' title="bbox 247 1995 1007 2086; baseline 0.001 -23"><span class='ocrx_word' id='word_1_65' title='bbox 247 1997 263 2063; x_wconf 84' lang='grc' dir='ltr'><em>ὃ</em></span> <span class='ocrx_word' id='word_1_66' title='bbox 287 1995 374 2068; x_wconf 76' lang='grc' dir='ltr'>εἰδὼς</span> <span class='ocrx_word' id='word_1_67' title='bbox 396 1995 535 2063; x_wconf 75' lang='grc' dir='ltr'>ἕκαστον</span> <span class='ocrx_word' id='word_1_68' title='bbox 556 1999 594 2063; x_wconf 81' lang='grc' dir='ltr'>ἐκ</span> <span class='ocrx_word' id='word_1_69' title='bbox 616 1998 740 2067; x_wconf 82' lang='grc' dir='ltr'>κοιλίας</span> <span class='ocrx_word' id='word_1_70' title='bbox 761 1998 881 2086; x_wconf 79' lang='grc' dir='ltr'>μητρὸς</span> <span class='ocrx_word' id='word_1_71' title='bbox 901 1996 1007 2065; x_wconf 85' lang='grc' dir='ltr'>αύτοῦ.</span> 
     </span>
    </p>
   </div>
   <div class='ocr_carea' id='block_1_5' title="bbox 205 2251 1044 2851">
    <p class='ocr_par' dir='ltr' id='par_1_5' title="bbox 205 2251 1044 2851">
     <span class='ocr_line' id='line_1_13' title="bbox 205 2251 1044 2342; baseline -0.002 -20"><span class='ocrx_word' id='word_1_72' title='bbox 205 2253 250 2323; x_wconf 86' lang='grc' dir='ltr'>Σύ</span> <span class='ocrx_word' id='word_1_73' title='bbox 271 2254 335 2342; x_wconf 73' lang='grc' dir='ltr'>γὰρ</span> <span class='ocrx_word' id='word_1_74' title='bbox 358 2251 396 2334; x_wconf 85' lang='grc' dir='ltr'>εί,</span> <span class='ocrx_word' id='word_1_75' title='bbox 420 2255 530 2341; x_wconf 88' lang='grc' dir='ltr'>Κύριε,</span> <span class='ocrx_word' id='word_1_76' title='bbox 552 2251 572 2336; x_wconf 83' lang='grc' dir='ltr'><em>ἡ</em></span> <span class='ocrx_word' id='word_1_77' title='bbox 593 2254 735 2337; x_wconf 82' lang='grc' dir='ltr'>βοήθεια</span> <span class='ocrx_word' id='word_1_78' title='bbox 756 2256 820 2319; x_wconf 78' lang='grc' dir='ltr'>τῶν</span> <span class='ocrx_word' id='word_1_79' title='bbox 842 2253 1044 2338; x_wconf 78' lang='grc' dir='ltr'>ἀβοηθήτων,</span> 
     </span>
     <span class='ocr_line' id='line_1_14' title="bbox 379 2380 960 2465; baseline -0.003 -16"><span class='ocrx_word' id='word_1_80' title='bbox 379 2383 434 2449; x_wconf 79' lang='grc' dir='ltr'>καὶ</span> <span class='ocrx_word' id='word_1_81' title='bbox 455 2381 475 2465; x_wconf 80' lang='grc' dir='ltr'><em>ἡ</em></span> <span class='ocrx_word' id='word_1_82' title='bbox 498 2381 591 2452; x_wconf 75' lang='grc' dir='ltr'>ἐλπίς</span> <span class='ocrx_word' id='word_1_83' title='bbox 612 2385 676 2447; x_wconf 78' lang='grc' dir='ltr'>τῶν</span> <span class='ocrx_word' id='word_1_84' title='bbox 698 2380 960 2463; x_wconf 70' lang='grc' dir='ltr'>ἅπελπισμίνων,</span> 
     </span>
     <span class='ocr_line' id='line_1_15' title="bbox 422 2508 922 2597; baseline -0.006 -22"><span class='ocrx_word' id='word_1_85' title='bbox 422 2508 439 2575; x_wconf 83' lang='grc' dir='ltr'>ὁ</span> <span class='ocrx_word' id='word_1_86' title='bbox 461 2513 524 2575; x_wconf 84' lang='grc' dir='ltr'>τιῦν</span> <span class='ocrx_word' id='word_1_87' title='bbox 544 2508 782 2597; x_wconf 76' lang='grc' dir='ltr'>χειμαζομένων</span> <span class='ocrx_word' id='word_1_88' title='bbox 803 2509 922 2595; x_wconf 71' lang='grc' dir='ltr'>σωτὴρ,</span> 
     </span>
     <span class='ocr_line' id='line_1_16' title="bbox 424 2635 844 2719; baseline 0 -18"><span class='ocrx_word' id='word_1_89' title='bbox 424 2636 441 2701; x_wconf 90' lang='grc' dir='ltr'>ὁ</span> <span class='ocrx_word' id='word_1_90' title='bbox 464 2641 527 2702; x_wconf 81' lang='grc' dir='ltr'>τῶν</span> <span class='ocrx_word' id='word_1_91' title='bbox 548 2635 715 2702; x_wconf 73' lang='grc' dir='ltr'>πλεόντων</span> <span class='ocrx_word' id='word_1_92' title='bbox 736 2635 844 2719; x_wconf 69' lang='grc' dir='ltr'>λιμὴν,</span> 
     </span>
     <span class='ocr_line' id='line_1_17' title="bbox 425 2762 865 2851; baseline 0.009 -22"><span class='ocrx_word' id='word_1_93' title='bbox 425 2762 442 2829; x_wconf 87' lang='grc' dir='ltr'><strong><em>ὁ</em></strong></span> <span class='ocrx_word' id='word_1_94' title='bbox 465 2767 529 2830; x_wconf 80' lang='grc' dir='ltr'>τῶν</span> <span class='ocrx_word' id='word_1_95' title='bbox 551 2763 728 2829; x_wconf 78' lang='grc' dir='ltr'>νοσούντων</span> <span class='ocrx_word' id='word_1_96' title='bbox 751 2763 865 2851; x_wconf 80' lang='grc' dir='ltr'>ἰατρὸς,</span> 
     </span>
    </p>
   </div>
   <div class='ocr_carea' id='block_1_6' title="bbox 382 2889 992 2976">
    <p class='ocr_par' dir='ltr' id='par_1_6' title="bbox 382 2889 992 2976">
     <span class='ocr_line' id='line_1_18' title="bbox 382 2889 992 2976; baseline 0.008 -23"><span class='ocrx_word' id='word_1_97' title='bbox 382 2889 476 2959; x_wconf 82' lang='grc' dir='ltr'>αύτὸς</span> <span class='ocrx_word' id='word_1_98' title='bbox 498 2894 563 2961; x_wconf 82' lang='grc' dir='ltr'>τοῖς</span> <span class='ocrx_word' id='word_1_99' title='bbox 585 2892 671 2955; x_wconf 81' lang='grc' dir='ltr'>πᾶσι</span> <span class='ocrx_word' id='word_1_100' title='bbox 693 2891 735 2955; x_wconf 76' lang='grc' dir='ltr'>τὰ</span> <span class='ocrx_word' id='word_1_101' title='bbox 759 2891 867 2957; x_wconf 82' lang='grc' dir='ltr'>πάντα</span> <span class='ocrx_word' id='word_1_102' title='bbox 888 2895 992 2976; x_wconf 76' lang='grc' dir='ltr'>γενοῦ.</span> 
     </span>
    </p>
   </div>
   <div class='ocr_carea' id='block_1_7' title="bbox 211 3084 1107 3812">
    <p class='ocr_par' dir='ltr' id='par_1_7' title="bbox 211 3084 1107 3812">
     <span class='ocr_line' id='line_1_19' title="bbox 297 3084 1012 3171; baseline 0.007 -20"><span class='ocrx_word' id='word_1_103' title='bbox 297 3084 340 3151; x_wconf 88' lang='grc' dir='ltr'>Ὁ</span> <span class='ocrx_word' id='word_1_104' title='bbox 363 3085 451 3157; x_wconf 75' lang='grc' dir='ltr'>εἰδώς</span> <span class='ocrx_word' id='word_1_105' title='bbox 473 3087 610 3154; x_wconf 80' lang='grc' dir='ltr'>ἕκαστον</span> <span class='ocrx_word' id='word_1_106' title='bbox 632 3087 686 3153; x_wconf 79' lang='grc' dir='ltr'>καὶ</span> <span class='ocrx_word' id='word_1_107' title='bbox 708 3088 745 3153; x_wconf 82' lang='grc' dir='ltr'>τὸ</span> <span class='ocrx_word' id='word_1_108' title='bbox 766 3088 886 3171; x_wconf 80' lang='grc' dir='ltr'>αἴτημα</span> <span class='ocrx_word' id='word_1_109' title='bbox 907 3088 1012 3164; x_wconf 87' lang='grc' dir='ltr'>αύτοῦ,</span> 
     </span>
     <span class='ocr_line' id='line_1_20' title="bbox 343 3213 847 3304; baseline 0.004 -25"><span class='ocrx_word' id='word_1_110' title='bbox 343 3213 429 3280; x_wconf 82' lang='grc' dir='ltr'>οἶκον</span> <span class='ocrx_word' id='word_1_111' title='bbox 451 3214 505 3280; x_wconf 82' lang='grc' dir='ltr'>καὶ</span> <span class='ocrx_word' id='word_1_112' title='bbox 526 3216 585 3298; x_wconf 82' lang='grc' dir='ltr'>τὴν</span> <span class='ocrx_word' id='word_1_113' title='bbox 606 3216 720 3304; x_wconf 86' lang='grc' dir='ltr'>χρείαν</span> <span class='ocrx_word' id='word_1_114' title='bbox 741 3215 847 3290; x_wconf 87' lang='grc' dir='ltr'>αύτοῦ,</span> 
     </span>
     <span class='ocr_line' id='line_1_21' title="bbox 211 3341 909 3429; baseline 0 -22"><span class='ocrx_word' id='word_1_115' title='bbox 211 3343 337 3416; x_wconf 68' lang='grc' dir='ltr'>Ῥῦσαι</span> <span class='ocrx_word' id='word_1_116' title='bbox 362 3341 473 3429; x_wconf 88' lang='grc' dir='ltr'>Κύριε,</span> <span class='ocrx_word' id='word_1_117' title='bbox 496 3345 554 3426; x_wconf 84' lang='grc' dir='ltr'>τὴν</span> <span class='ocrx_word' id='word_1_118' title='bbox 575 3343 675 3408; x_wconf 87' lang='grc' dir='ltr'>πόλιν</span> <span class='ocrx_word' id='word_1_119' title='bbox 697 3345 829 3423; x_wconf 86' lang='grc' dir='ltr'>ταύτην,</span> <span class='ocrx_word' id='word_1_120' title='bbox 854 3342 909 3408; x_wconf 84' lang='grc' dir='ltr'>καὶ</span> 
     </span>
     <span class='ocr_line' id='line_1_22' title="bbox 258 3470 925 3558; baseline 0.001 -23"><span class='ocrx_word' id='word_1_121' title='bbox 258 3472 372 3535; x_wconf 78' lang='grc' dir='ltr'>πᾶσαν</span> <span class='ocrx_word' id='word_1_122' title='bbox 392 3470 452 3553; x_wconf 78' lang='grc' dir='ltr'>τὴν</span> <span class='ocrx_word' id='word_1_123' title='bbox 472 3470 582 3558; x_wconf 84' lang='grc' dir='ltr'>χώραν</span> <span class='ocrx_word' id='word_1_124' title='bbox 604 3471 639 3536; x_wconf 79' lang='grc' dir='ltr'>ἐν</span> <span class='ocrx_word' id='word_1_125' title='bbox 659 3471 681 3554; x_wconf 74' lang='grc' dir='ltr'><em>ᾖ</em></span> <span class='ocrx_word' id='word_1_126' title='bbox 702 3473 925 3557; x_wconf 87' lang='grc' dir='ltr'>παροικοῦμεν,</span> 
     </span>
     <span class='ocr_line' id='line_1_23' title="bbox 303 3595 1107 3680; baseline 0.004 -19"><span class='ocrx_word' id='word_1_127' title='bbox 303 3595 369 3662; x_wconf 80' lang='grc' dir='ltr'>ἀπὸ</span> <span class='ocrx_word' id='word_1_128' title='bbox 390 3598 513 3679; x_wconf 78' lang='grc' dir='ltr'>λοιμοῦ,</span> <span class='ocrx_word' id='word_1_129' title='bbox 535 3599 642 3679; x_wconf 88' lang='grc' dir='ltr'>λιμοῦ,</span> <span class='ocrx_word' id='word_1_130' title='bbox 665 3601 812 3680; x_wconf 92' lang='grc' dir='ltr'>σεισμοῦ,</span> <span class='ocrx_word' id='word_1_131' title='bbox 835 3600 1107 3680; x_wconf 82' lang='grc' dir='ltr'>καταποντισμοΐ,</span> 
     </span>
     <span class='ocr_line' id='line_1_24' title="bbox 346 3722 1073 3812; baseline 0.003 -24"><span class='ocrx_word' id='word_1_132' title='bbox 346 3722 455 3810; x_wconf 84' lang='grc' dir='ltr'>πυρὸς,</span> <span class='ocrx_word' id='word_1_133' title='bbox 477 3723 648 3812; x_wconf 80' lang='grc' dir='ltr'>μαχαίρας,</span> <span class='ocrx_word' id='word_1_134' title='bbox 671 3723 844 3812; x_wconf 78' lang='grc' dir='ltr'>ἐπιδρομῆς</span> <span class='ocrx_word' id='word_1_135' title='bbox 865 3724 1073 3812; x_wconf 82' lang='grc' dir='ltr'>ἀλλοφύλων,</span> 
     </span>
    </p>
   </div>
   <div class='ocr_carea' id='block_1_8' title="bbox 435 3850 905 3937">
    <p class='ocr_par' dir='ltr' id='par_1_8' title="bbox 435 3850 905 3937">
     <span class='ocr_line' id='line_1_25' title="bbox 435 3850 905 3937; baseline 0.002 -21"><span class='ocrx_word' id='word_1_136' title='bbox 435 3850 489 3916; x_wconf 77' lang='grc' dir='ltr'>καὶ</span> <span class='ocrx_word' id='word_1_137' title='bbox 511 3852 669 3937; x_wconf 74' lang='grc' dir='ltr'>ἐμφυλίου</span> <span class='ocrx_word' id='word_1_138' title='bbox 689 3857 905 3935; x_wconf 86' lang='grc' dir='ltr'>στασιασμοῦ.</span> 
     </span>
    </p>
   </div>
   <div class='ocr_carea' id='block_1_9' title="bbox 222 4036 934 4249">
    <p class='ocr_par' dir='ltr' id='par_1_9' title="bbox 222 4036 934 4249">
     <span class='ocr_line' id='line_1_26' title="bbox 222 4036 934 4131; baseline -0.004 -27"><span class='ocrx_word' id='word_1_139' title='bbox 222 4041 359 4104; x_wconf 84' lang='grc' dir='ltr'>Παῦσον</span> <span class='ocrx_word' id='word_1_140' title='bbox 381 4037 423 4101; x_wconf 78' lang='grc' dir='ltr'>τὰ</span> <span class='ocrx_word' id='word_1_141' title='bbox 445 4037 616 4124; x_wconf 84' lang='grc' dir='ltr'>σχίσματα</span> <span class='ocrx_word' id='word_1_142' title='bbox 637 4040 700 4103; x_wconf 85' lang='grc' dir='ltr'>τοῦν</span> <span class='ocrx_word' id='word_1_143' title='bbox 720 4036 934 4131; x_wconf 81' lang='grc' dir='ltr'>Ἐιιιιλησιῶν,</span> 
     </span>
     <span class='ocr_line' id='line_1_27' title="bbox 267 4161 886 4249; baseline -0.005 -19"><span class='ocrx_word' id='word_1_144' title='bbox 267 4163 392 4243; x_wconf 79' lang='grc' dir='ltr'>σβέσον</span> <span class='ocrx_word' id='word_1_145' title='bbox 414 4161 455 4226; x_wconf 81' lang='grc' dir='ltr'>τιὶ</span> <span class='ocrx_word' id='word_1_146' title='bbox 478 4161 672 4249; x_wconf 77' lang='grc' dir='ltr'>φρυύνγματα</span> <span class='ocrx_word' id='word_1_147' title='bbox 695 4166 757 4228; x_wconf 81' lang='grc' dir='ltr'>τῶν</span> <span class='ocrx_word' id='word_1_148' title='bbox 780 4161 886 4241; x_wconf 74' lang='grc' dir='ltr'>ἐθνῶν,</span> 
     </span>
    </p>
   </div>
   <div class='ocr_carea' id='block_1_10' title="bbox 226 4286 1176 4376">
    <p class='ocr_par' dir='ltr' id='par_1_10' title="bbox 226 4286 1176 4376">
     <span class='ocr_line' id='line_1_28' title="bbox 226 4286 1176 4376; baseline -0.006 -19"><span class='ocrx_word' id='word_1_149' title='bbox 226 4290 292 4357; x_wconf 84' lang='grc' dir='ltr'>Καὶ</span> <span class='ocrx_word' id='word_1_150' title='bbox 314 4288 438 4358; x_wconf 82' lang='grc' dir='ltr'>πάντας</span> <span class='ocrx_word' id='word_1_151' title='bbox 460 4287 542 4370; x_wconf 78' lang='grc' dir='ltr'>ἡμᾶς</span> <span class='ocrx_word' id='word_1_152' title='bbox 564 4286 743 4376; x_wconf 80' lang='grc' dir='ltr'>πρόσδεξαι</span> <span class='ocrx_word' id='word_1_153' title='bbox 766 4287 810 4357; x_wconf 84' lang='grc' dir='ltr'>εἰς</span> <span class='ocrx_word' id='word_1_154' title='bbox 832 4288 889 4369; x_wconf 75' lang='grc' dir='ltr'>τὴν</span> <span class='ocrx_word' id='word_1_155' title='bbox 909 4290 1084 4367; x_wconf 73' lang='grc' dir='ltr'>βασιλεύσει</span> <span class='ocrx_word' id='word_1_156' title='bbox 1107 4312 1176 4361; x_wconf 85' lang='grc' dir='ltr'>σου,</span> 
     </span>
    </p>
   </div>
   <div class='ocr_carea' id='block_1_11' title="bbox 0 0 1460 5002">
    <p class='ocr_par' dir='ltr' id='par_1_11' title="bbox 0 0 1460 5002">
     <span class='ocr_line' id='line_1_29' title="bbox 0 0 1460 5002; baseline 0 0"><span class='ocrx_word' id='word_1_157' title='bbox 0 0 1460 5002; x_wconf 95' lang='lat' dir='ltr'> </span> 
     </span>
    </p>
   </div>
  </div>
 </body>
</html>
