2910 5002
424 460 598 527 PRECES
621 459 937 528 QUOTIDIANAE.
1149 461 1207 522 281

156 630 209 695 Ab
232 630 345 715 abysso
365 630 449 712 ignis
471 638 504 692 et
526 628 698 712 sulphuris,
722 627 777 691 ubi
800 627 907 690 fumus

201 763 435 819 tormentorum
456 753 601 831 ascendit
622 753 657 818 in
680 753 843 830 saeculum,
887 753 986 832 Apoc.
1002 751 1063 815 xiv.
1083 756 1132 816 ll.

160 884 322 967 Propitius
343 890 422 960 esto,
446 883 546 947 Peroe
568 881 671 959 nobis,
695 881 845 958 Domine,
937 858 940 863 ‚

397 1010 553 1074 Miserere
575 1009 687 1084 nostri,

440 1138 559 1202 Libera
580 1160 650 1216 nos,
673 1147 707 1201 et

287 1287 329 1330 ne
352 1265 591 1330 confundamur
611 1265 647 1328 in
668 1274 836 1328 aeternum.

245 1397 275 1458 A
298 1395 391 1458 malis
415 1393 643 1477 spiritualibus,

159 1524 189 1584 A
212 1523 354 1585 caecitate
376 1530 409 1584 et
432 1520 551 1583 duritia
573 1520 685 1596 cordis,
732 1519 812 1599 Epis.
825 1520 865 1583 iv.
885 1522 935 1583 18.

336 1669 407 1732 quae
430 1648 471 1711 ad
493 1648 773 1731 impoenitentiam,
834 1648 936 1730 [Rom.
953 1649 986 1712 ii.
999 1648 1043 1733 5.]

247 1905 374 1983 suase,
418 1903 573 1968 nnius.
590 1908 623 1967 4.
675 1793 854 1968 lf¹⁰¹¹t¹l

162 2035 190 2094 A
212 2031 387 2095 cauteriata
409 2031 615 2108 conscientia,
663 2033 679 2093 1
701 2031 777 2094 itm.
794 2031 835 2095 iv.
851 2033 883 2094 2.

331 2165 364 2219 et
386 2155 570 2219 dedolentia
590 2165 759 2240 postquam
780 2159 989 2240 peccavimus,

158 1843 189 1905 Α
211 1776 392 1992 {mollitie
437 1775 531 1837 Pron.
548 1776 600 1839 vii.
619 1777 670 1838 13.

153 2287 192 2349 ,Α
214 2285 348 2368 reproba
369 2294 488 2361 mente,
537 2285 597 2348 m.
613 2285 636 2349 i.
656 2287 706 2349 16.

164 2477 167 2482 ,
205 2417 235 2477 Α
257 2415 418 2477 minarum
440 2422 570 2476 tuarum
593 2420 790 2496 contemptu,

162 2544 192 2607 Α
215 2549 347 2625 peoeato
370 2542 410 2605 ad
432 2550 580 2618 mortem,
627 2542 757 2607 1J0.v.
776 2545 827 2606 16.

336 2671 426 2733 etin
450 2669 606 2753 Spiritum
632 2667 799 2748 Sanctum,
843 2673 943 2737 Mau.
959 2674 1013 2740 xii.
1031 2679 1082 2740 32.

566 2798 727 2879 Propitius
743 2808 821 2875 esto,

674 2936 707 2988 et

500 3051 616 3116 Libera
638 3073 708 3130 nos,
732 3054 883 3117 Domine.

166 3307 286 3384 Paleas,
311 3307 440 3385 zizania,
695 3308 821 3386 Dolere,

164 3437 195 3498 Α
217 3433 365 3508 sinistris,
689 3436 853 3511 Aresoere,

166 3562 207 3623 In
230 3561 376 3643 procella,
692 3562 903 3640 Mareesoere,

166 3688 247 3770 Igne
270 3686 324 3769 qui
346 3708 413 3749 non
435 3688 642 3769 extinguitur,
692 3688 888 3766 Lamentari,

165 3815 328 3892 Flammis,
692 3815 921 3894 Condemnari,

167 3943 333 4021 Gehenna,
695 3943 823 4008 Probris
845 3944 937 4022 affici,

168 4069 397 4133 Bullitionibus
418 4071 535 4149 Beliul,
691 4071 875 4151 Tabescere,

168 4199 298 4262 Catenis
320 4197 536 4276 tenebrarum,
697 4200 832 4278 Luctus,

168 4323 273 4387 Exilio
296 4323 517 4406 reproborum.
698 4324 822 4388 Riotus.

209 4466 266 4499 ann.
281 4464 373 4500 intent
664 4467 685 4514 0
699 4468 720 4514 0
