2910 5002
471 439 642 503 PRECES
666 441 983 507 QUOTIDIANAE.
1237 450 1258 509 9

555 730 908 796 CONFESSIONES.

203 886 268 950 Hei
287 886 376 966 mihi,
396 888 523 971 peccavi
542 889 613 967 tibi,
634 891 784 969 Domine,
806 894 932 975 peccati
952 893 1023 973 tibi,
1045 894 1074 958 0
1096 902 1253 976 quantum

244 1014 372 1097 deliqui,
388 1023 421 1078 et
436 1023 472 1079 ut
487 1037 576 1080 eram
590 1017 706 1100 dignus
722 1041 788 1083 non
804 1021 931 1104 recepi!
977 1021 1045 1084 Job.
1061 1021 1170 1085 xxxiii.
1187 1025 1238 1087 27.

419 1252 483 1316 Sed
498 1246 686 1331 confundor,

201 1380 246 1443 Et
261 1387 428 1444 convertor
442 1402 462 1444 a
476 1381 536 1446 viis
551 1383 732 1465 iniquitatis
748 1404 838 1462 meae,

200 1509 245 1570 Et
260 1515 427 1572 convertor
441 1509 482 1572 ad
497 1530 551 1573 cor
566 1530 686 1588 meum,

201 1636 245 1699 Et
259 1636 294 1699 in
308 1643 378 1701 toto
393 1637 488 1701 corde
502 1659 575 1701 meo
591 1638 633 1701 ad
647 1645 680 1700 te
695 1645 872 1715 convertor,

287 1764 330 1826 Et
345 1785 453 1847 quaero
467 1764 581 1828 faeiem
597 1771 697 1842 tuam,

329 1891 373 1953 Et
388 1890 541 1974 deprecor
555 1899 599 1970 te,
616 1892 734 1968 dicens,

245 2016 387 2094 Peccavi,
403 2016 513 2099 inique
524 2016 596 2095 feci,
611 2017 732 2101 injuste
748 2017 809 2100 egi,

244 2144 398 2227 Cognovi,
416 2145 565 2224 Domine,
581 2145 709 2228 plagam
724 2145 828 2210 cordis
842 2146 915 2222 mei,

287 2269 330 2332 Et
345 2270 438 2333 ecce!
463 2276 631 2334 convertor
646 2270 688 2333 ad
701 2274 735 2333 te

329 2397 371 2459 In
385 2402 456 2461 toto
472 2397 567 2462 corde
581 2418 663 2474 meo,
680 2406 713 2460 et

371 2523 454 2588 Tota
468 2525 577 2586 anima
591 2545 673 2586 mea.

201 2649 244 2713 Et
259 2669 346 2713 nunc
360 2657 407 2728 tu,
425 2650 574 2728 Domine,
591 2650 705 2713 exaudi
720 2649 760 2712 de
776 2649 875 2726 Coelo,

244 2776 295 2840 De
310 2776 438 2840 sublimi
453 2776 639 2841 habitaculo
653 2783 721 2854 tuo,

287 2903 338 2966 De
354 2904 434 2967 colio
448 2905 557 2986 gloriae
573 2906 678 2988 Regni
692 2904 741 2968 tui
757 2903 792 2967 in
807 2903 904 2968 coelis

330 3029 518 3094 Orationem
534 3039 567 3094 et
580 3052 707 3115 precem
724 3031 806 3095 servi
820 3031 879 3106 tui,

371 3158 417 3220 Et
431 3159 603 3241 propitiare
619 3179 709 3222 servo
724 3166 791 3235 tuo,

414 3286 458 3348 Et
473 3307 551 3349 sana
565 3285 705 3349 animam
721 3287 799 3370 ejus.
847 3286 863 3345 1
884 3285 958 3365 Ray.
975 3283 1039 3346 viii.
1055 3283 1107 3345 28.

200 3412 278 3475 Non
293 3411 396 3475 audeo
410 3411 531 3475 nedum
546 3413 654 3476 oculos
670 3433 757 3478 meos

285 3538 339 3601 Ad
354 3539 460 3603 Coelor
475 3540 590 3618 levare,

289 3665 354 3730 Sed
368 3666 498 3751 alonge
513 3673 601 3731 atans

373 3794 524 3859 Percutio
538 3802 649 3878 pectus
664 3816 784 3872 meum,

370 3922 415 3983 Et
430 3942 505 3985 cum
520 3922 695 3985 Publicano
710 3921 791 3996 dico,

199 4047 300 4125 Deua,
316 4047 472 4130 propitius
486 4056 556 4112 cato
570 4048 649 4111 mihi
665 4047 833 4132 peccatori,

287 4172 373 4236 Mihi
388 4195 484 4257 supra
499 4174 712 4238 Publicanum
727 4173 897 4256 peccatori,

284 4300 445 4384 Propitius
454 4309 523 4366 cato
533 4303 801 4385 quemadmodum
815 4300 1001 4364 Publicano.
1017 4299 1093 4362 Luc.
1105 4299 1189 4362 xviii.
1203 4302 1253 4361 13.

244 4440 301 4475 arn.
320 4442 415 4476 renota
782 4444 801 4489 0
