2910 5002
440 466 610 532 PRECES
634 465 953 531 QUOTIDIANAE.
1160 463 1224 526 227

173 635 263 697 Deus
284 635 522 717 poenitentium,
546 643 579 698 et
601 634 805 717 peccantium
829 635 988 709 Servator,

215 769 249 823 et
271 761 310 824 de
333 782 463 844 vespera
483 761 518 824 in
540 783 703 845 vesperam
727 767 879 837 revertar,

302 910 341 952 ex
362 889 481 952 infimis
504 890 618 953 animae
640 889 799 965 medullis,

217 1023 250 1078 et
265 1015 304 1078 de
319 1015 486 1098 profundis
501 1017 618 1080 clamat
633 1016 694 1080 tibi
709 1017 817 1079 anima
831 1035 913 1092 mea,
945 1012 1047 1097 [Ptol.
1064 1031 1155 1075 cxxx.
1175 1005 1219 1090 l.]

175 1143 316 1220 Peccavi,
339 1144 490 1222 Domine,
513 1144 592 1207 tibi:
624 1145 766 1226 graviter
787 1141 915 1226 peccavi
936 1140 1007 1218 tibi,

261 1269 347 1344 Veh,
370 1269 452 1333 veh!
487 1270 562 1348 Hei,
586 1270 640 1334 hei
661 1269 842 1334 miseriem!

176 1392 326 1471 Poenitet,
349 1393 401 1456 hei
423 1394 523 1457 mihil
558 1393 709 1472 Poenitet,
733 1413 827 1477 parce
849 1391 940 1470 mihi,
964 1390 1112 1468 Domine,

263 1520 413 1597 Poenitet,
436 1520 489 1583 hei
511 1520 609 1582 mihi!
647 1520 792 1602 poenitet,

219 1645 346 1728 Adjuva
367 1645 641 1729 impoenitentiam
664 1666 779 1709 meam.

176 1839 336 1921 Propitius
358 1848 435 1905 esto.
482 1841 581 1903 Parce
604 1839 695 1917 mihi,
720 1839 870 1902 Domine.

177 1967 338 2050 Propitius
360 1975 438 2030 est0.
484 1967 639 2031 Miserere
661 1967 735 2030 mei

219 2095 290 2177 Ego
312 2095 387 2174 dixi,
411 2095 560 2172 Domine,
583 2094 734 2159 miserere
756 2094 830 2173 mei,

266 2224 352 2285 Sana
366 2223 507 2285 animam
526 2243 642 2300 meam,
658 2222 734 2304 quia
755 2220 884 2305 peceavi
902 2186 972 2283 tilii.
1017 2217 1106 2279 Pral.
1123 2213 1177 2276 xli.
1193 2213 1226 2275 4.

179 2347 704 2426 Misereremei,Deus,seoundum
712 2368 864 2430 magnam
872 2342 1229 2416 misericordiamtuam,

179 2475 224 2536 Et
252 2474 431 2538 secundum
462 2472 703 2537 multitudinem
736 2472 979 2536 miserationum
1007 2477 1137 2532 tuarum
1159 2464 1229 2527 dele

223 2600 426 2684 iniquitatem
448 2619 565 2664 meam.
611 2601 699 2662 Ptol.
723 2599 756 2662 li.
781 2600 811 2661 1.

353 2783 492 2847 Dimitte
513 2791 649 2862 reatum,

355 2914 442 2976 Sana
462 2913 641 2995 languores,

353 3038 435 3101 Dele
457 3039 609 3117 maenas,

354 3165 394 3228 de
416 3165 603 3230 eonfiuione
625 3165 722 3249 eripe,

354 3292 395 3356 de
417 3293 571 3356 servitute
592 3293 703 3369 libera,

312 3425 345 3482 et
366 3440 408 3482 ne
430 3419 465 3483 in
487 3439 539 3483 me
561 3419 743 3502 exemplum
765 3426 898 3483 statuas.

183 3547 233 3609 De
255 3547 501 3611 necessitatibus
523 3547 603 3611 meis
626 3568 703 3611 erue
725 3567 787 3625 me,
810 3546 960 3626 Domine,
976 3547 1074 3612 Prot.
1091 3567 1162 3609 xxv.
1181 3545 1233 3609 16.

271 3672 311 3736 ab
333 3673 467 3737 occultis
490 3673 612 3737 munda
632 3693 695 3750 me,

227 3804 260 3860 et
282 3796 323 3860 ab
345 3798 457 3863 alienis
478 3819 573 3882 parce
596 3819 686 3862 servo
707 3805 785 3862 tuo:
831 3798 919 3861 Psoi.
942 3797 1006 3861 xix.
1031 3799 1082 3874 12,
1107 3796 1158 3860 13.

184 3926 441 3990 Inconstantiam
463 3925 741 4009 concupiscentius,
787 3926 864 4007 Sap.
886 3925 928 3989 iv.
954 3927 1004 3989 12.

271 4060 304 4115 et
326 4052 427 4115 otiosa
447 4052 554 4130 verba,
601 4052 713 4136 [Matr.
737 4051 792 4115 xii.
815 4051 885 4134 36.]

315 4199 357 4241 ne
380 4184 502 4242 statues
523 4178 614 4242 mihi.

184 4302 361 4368 Turbidem
383 4313 416 4369 et
438 4305 640 4371 immundam
663 4305 823 4369 sentinam
