2910 5002
251 438 315 509 412
521 435 691 505 PRECES
716 431 1034 506 QUOTIDIANAE.

600 609 718 687 Pulvis,
750 608 792 952 }
820 607 1004 951 pfrsgilis,

603 738 738 817 Ventus,
870 736 960 816 levis,

601 868 694 940 Caro,
871 864 1054 930 dissolutus.

254 995 324 1058 dot.
348 995 416 1060 xiii,
437 995 490 1057 25.
594 994 638 1056 Et
664 992 723 1072 Tu,
748 993 898 1072 Domine,
929 1013 996 1056 non
1024 991 1226 1076 prosequeris
1255 989 1316 1053 sti-

644 1120 764 1202 pulam.

258 1250 272 1309 l
299 1249 384 1311 Sam.
408 1248 490 1311 xxiv.
517 1248 567 1310 15.
601 1247 655 1310 An
677 1246 887 1311 insectaberis
909 1246 1075 1330 pulicem?

300 1502 330 1566 3.
355 1500 511 1567 Creatnra
532 1491 611 1580 lira,

387 1631 430 1694 Et
448 1630 516 1713 jam
539 1630 645 1707 miser,

386 1757 495 1822 Etiam
517 1758 649 1840 supplex
671 1757 767 1821 ultro.-

484 1886 583 1949 Parce
605 1884 749 1968 supplici.

257 2015 278 2077 2
302 2013 388 2076 Sam.
410 2013 475 2076 xix.
498 2015 548 2077 19.
602 2012 707 2076 David
729 2011 870 2096 pepercit
893 2011 1024 2077 Shemei
1044 2010 1226 2092 maledicto,

263 2142 294 2226 [l
315 2138 567 2225 Scm.xiii.14.]
605 2141 650 2206 Et
672 2140 778 2205 David
799 2139 848 2204 vir
869 2140 1047 2205 secundum
1069 2162 1124 2206 cor
1144 2143 1262 2221 Tuum,

690 2268 741 2332 l¹u
762 2267 863 2350 igitur
884 2288 990 2352 parcet

260 2381 291 2465 [1
311 2381 389 2463 Rep.
408 2401 458 2444 xx.
482 2372 551 2462 31.]
600 2378 684 2443 Ecce
724 2379 913 2459 audivimus,
951 2379 1038 2464 quod
1077 2400 1170 2464 reges
1210 2380 1312 2446 Israel

514 2505 689 2570 clementes
720 2512 816 2585 snnt3
848 2527 1005 2591 ponamus
1035 2527 1112 2591 ergo
1140 2528 1248 2573 saccos
1276 2509 1313 2573 in

516 2633 644 2713 lumbis,
676 2640 709 2699 et
737 2634 831 2699 funes
860 2634 896 2698 in
925 2634 1084 2719 capitibus
1117 2634 1248 2715 nostris,
1279 2643 1313 2699 et

516 2759 719 2844 egrediamur
749 2759 785 2824 in
814 2779 993 2841 occursum,
1023 2761 1177 2840 dicamus,
1203 2761 1313 2840 Vivat,

518 2908 584 2967 oro,
607 2888 716 2952 anima
736 2909 809 2954 mea
819 2914 829 2965 3

605 3015 753 3080 Forsitan
774 3015 908 3081 salvabit
929 3015 1053 3082 animos
1073 3023 1211 3082 nostras.

562 3190 566 3206 .-
601 3144 694 3209 Num
715 3145 804 3209 ullus
827 3136 897 3208 Rex
919 3143 1020 3208 Israel

689 3271 735 3336 'lle
756 3269 969 3336 clementiori
1285 3348 1303 3387 ἱ

261 3397 370 3478 lRep.
386 3396 448 3460 xxi.
465 3398 518 3463 29.
565 3398 651 3464 Quia
687 3398 746 3477 Tu,
784 3398 934 3478 Domine,
968 3395 1103 3464 Achabo
1132 3397 1312 3482 pepercisti,

517 3523 572 3608 qui
590 3542 623 3590 se
645 3525 776 3590 dederat
798 3532 940 3610 peccato,
960 3546 1035 3591 cnm
1058 3547 1092 3592 se
1116 3525 1313 3605 humiliaret,

689 3654 788 3718 Parce
810 3653 954 3733 etmihi,
979 3675 1094 3739 quaeso.

257 3779 345 3842 Pocl.
368 3778 451 3844 lxxx.
477 3783 507 3845 4.
558 3781 723 3849 Quamdiu
744 3779 887 3846 irasceris
908 3782 1027 3867 populo
1047 3781 1145 3848 'lunt

605 3909 817 3992 supplicanti,
839 3928 949 3993 preces
971 3908 1144 3974 offerenti?

256 4032 327 4097 Jot.
351 4056 421 4099 xxx.
445 4036 497 4100 33.
559 4037 664 4112 Certe,
687 4038 837 4118 Domine,
859 4059 927 4104 non
949 4036 1110 4103 abscondo

601 4170 779 4246 peccatum,
802 4165 884 4229 sicut
905 4165 1023 4245 Adam,

257 4287 343 4350 Prol.
368 4287 438 4352 cxli.
462 4287 494 4350 4.
560 4289 638 4364 Non
660 4311 776 4356 excuso
798 4291 1017 4357 exornationes
1038 4292 1073 4356 in
1095 4298 1237 4377 peccato.
