2910 5002
248 450 314 512 286
518 447 688 512 PRECES
713 446 1032 514 QUOTIDIANAE.
1104 456 1109 467 ’

345 1013 731 1092 SACRIFICIUM
763 1012 1204 1092 VESPERTINUM.

250 1264 380 1328 Menon
401 1262 461 1326 sim
482 1268 577 1325 nocte
599 1258 738 1324 nominis
759 1260 830 1339 rui,
853 1267 887 1324 et
908 1261 1012 1344 legem

336 1391 440 1454 Tuam
462 1389 649 1452 custodiam.
698 1388 800 1472 [Psal.
823 1387 905 1467 exis.
929 1388 996 1471 δᾶ]

250 1515 445 1598 vespertina
466 1515 568 1578 oratio
590 1515 741 1578 ascendat
763 1513 805 1578 ad
826 1516 882 1592 Te,

336 1653 370 1706 et
392 1641 565 1706 descendat
586 1641 627 1704 ad
649 1662 707 1705 nos
729 1641 892 1706 miseratio
915 1644 995 1720 Tua,

251 1769 317 1835 Qui
339 1769 395 1831 das
417 1767 560 1832 carmina
581 1767 621 1831 de
642 1774 747 1846 nocte,
794 1767 877 1852 [Job.
902 1791 994 1833 xxxv.
1019 1769 1085 1853 10.]

338 1897 404 1963 Qui
422 1897 500 1960 sacis
516 1903 556 1960 ut
578 1897 681 1960 exitus
699 1899 833 1961 Aurorae
852 1905 886 1961 et
905 1898 1042 1981 Vesperi
1063 1895 1229 1961 dilaudent
1247 1897 1306 1972 Te,

425 2024 526 2110 [Psoi.
549 2026 612 2090 lxv.
636 2025 683 2109 8.]

252 2153 317 2218 Qui
338 2151 395 2216 das
417 2153 541 2217 dilectis
563 2153 642 2217 Tuis
665 2146 816 2216 aomnirm
838 2153 996 2218 sanitatis.
1044 2152 1110 2238 [Po.
1127 2151 1240 2218 cxxvii.
1256 2151 1304 2235 8.]

614 2392 943 2457 HOROLOGIUM.

252 2536 317 2603 Qui
327 2543 473 2620 tempora
483 2543 516 2600 et
526 2544 692 2600 momenta
700 2537 835 2620 posuisti
845 2537 881 2600 in
889 2543 1050 2621 potestate
1060 2537 1139 2616 nna,
1154 2537 1230 2600 Aca
1238 2535 1261 2600 i.
1272 2537 1305 2600 ⁷.
1380 2500 1383 2505 Ι

251 2663 393 2747 largire,
415 2669 453 2726 ut
475 2670 620 2747 tempore
642 2663 810 2728 commodo
831 2671 864 2727 et
890 2672 1070 2748 opportuno
1097 2684 1226 2728 oremus
1248 2664 1306 2743 Te,

336 2791 425 2854 Mar.
448 2789 490 2854 iv.
513 2790 567 2852 38.

882 2917 926 2980 Et
948 2936 1039 2981 serra
1059 2936 1129 2981 noa.

251 3044 316 3110 Qui
337 3051 469 3127 propter
490 3063 549 3107 nos
578 3041 737 3119 homines,
761 3050 795 3106 et
824 3050 954 3126 propter
983 3043 1119 3107 salutem
1148 3049 1305 3122 nostram,

335 3173 414 3236 Alta
434 3179 530 3236 nocte
552 3177 649 3234 natus
671 3190 715 3250 es,
760 3173 839 3235 Luc.
862 3170 896 3234 ii.
920 3174 953 3234 8.

249 3297 403 3362 Danobis
414 3296 537 3361 renasci
545 3296 650 3360 indies
658 3296 865 3360 renovatione
876 3297 1014 3380 Spiritus
1025 3297 1147 3377 Sancti,
1157 3297 1305 3362 mide

249 3428 361 3491 Donec
384 3423 532 3488 Christus
553 3424 711 3489 formetur
732 3423 768 3487 in
789 3423 892 3502 nobis,
915 3424 951 3487 in
979 3426 1085 3488 virum
1113 3425 1304 3508 perfectum,

339 3553 410 3616 Gal.
433 3551 474 3616 ir.
499 3551 551 3618 19.
599 3551 694 3635 [pr.
716 3550 758 3614 iv.
784 3549 848 3634 la]

685 3691 689 3698 ·
884 3677 929 3741 Et
950 3697 1041 3742 serra
1061 3699 1130 3743 nos.

250 3803 315 3871 Qui
336 3824 432 3868 mane
452 3803 557 3888 primo
580 3804 715 3868 Oriente
733 3804 803 3888 jam
825 3803 892 3868 sole

332 3930 534 3995 resurrexisti
556 3953 576 3994 a
595 3931 743 4009 mortuis,
787 3932 876 3996 Mar.
899 3931 960 3996 xvi.
984 3934 1016 3996 2.

250 4056 418 4119 Resuscita
438 4078 498 4120 nos
521 4056 663 4140 quotidie
685 4057 726 4120 ad
747 4056 822 4120 vite
843 4057 1031 4136 novitatem,
1075 4059 1165 4123 Rom·
1188 4059 1231 4124 vi.
1254 4062 1287 4125 4.

250 4181 434 4262 suggerens
455 4181 558 4258 nobis,
582 4204 662 4265 quos
684 4185 760 4267 Ipse
781 4184 876 4263 nosti,
900 4185 1012 4250 modos
1034 4184 1243 4270 poenitentiae,

884 4312 927 4374 Et
949 4333 1038 4376 serva
1059 4334 1128 4377 nos.
