2910 5002
428 453 598 519 PRECES
625 452 941 519 QUOTIDIANAE.
1145 456 1209 520 367

161 619 306 684 Habebit
328 639 417 703 spem
439 619 475 682 in
496 619 678 683 novissimo.
730 619 810 705 [Jer.
833 619 920 683 xxxi.
943 619 1009 703 17.]

158 747 261 809 Vallis
285 747 395 811 Achor
416 753 509 831 posta
531 747 608 831 spei.
656 747 745 830 [Ηοο.
768 747 802 810 ii.
827 746 893 830 15.]

162 876 242 956 Spes
263 896 331 938 non
353 875 532 939 confundit.
578 875 642 957 Spe
672 875 750 938 salvi
779 875 857 938 faeti
887 860 1005 938 Sunius.
1056 875 1156 958 [Rom.
1181 897 1208 939 v.

244 1004 282 1077 53
306 1001 369 1064 viii.
393 1000 460 1084 242]

157 1129 316 1194 Dominus
339 1130 405 1213 spei
427 1130 548 1213 repleat
570 1150 640 1194 nos,
687 1129 790 1213 [Rom.
814 1150 866 1193 xv.
889 1127 970 1210 13.].

159 1256 194 1319 Si
217 1257 369 1321 occiderit
391 1278 453 1336 me,
477 1257 620 1340 sperabo.
668 1256 748 1341 [Job.
772 1256 839 1320 xiii.
864 1255 932 1339 15.]

159 1383 224 1448 Qui
246 1383 348 1447 salvos
370 1383 448 1448 sacis
470 1389 634 1468 sperantes
655 1384 691 1446 in
712 1384 767 1448 Te.
816 1382 916 1466 [Ριοὶ.
938 1382 1012 1446 xvii.
1036 1382 1079 1466 7.]

157 1510 200 1571 In
222 1509 352 1574 nomine
374 1510 443 1573 'Puo
466 1531 556 1575 sacro
578 1510 784 1593 speravimus.
832 1509 931 1594 [Ροοὶ.
954 1509 997 1573 ix.
1023 1508 1088 1591 10.]

157 1636 198 1699 In
213 1637 357 1719 tegmine
373 1637 506 1716 alarum,
522 1638 557 1700 in
571 1638 696 1716 umbro,
712 1638 772 1703 sub
787 1637 913 1721 pennis.
961 1637 1064 1720 [Ροοὶ.
1080 1636 1142 1699 lvii.
1162 1636 1205 1718 1.]

286 1763 345 1842 Τα,
368 1763 520 1843 Domine,
543 1785 615 1848 spes
637 1784 735 1841 meo„
767 1763 866 1847 [Ροαὶ.
891 1763 965 1825 lxxi.
990 1762 1034 1844 5.]

244 1891 325 1973 Spes
348 1911 419 1954 mea
441 1891 477 1953 in
499 1892 555 1969 Te,
603 1891 702 1975 [ΡιαΙ.
727 1889 831 1954 xxxix.
856 1888 901 1972 7.]

246 2018 326 2100 Spes
348 2018 494 2082 omnium
516 2019 630 2082 finium
652 2027 757 2083 terrae.
804 2018 907 2102 [Ροαὶ.
931 2017 993 2080 lxv.
1017 2017 1061 2099 5.]

375 2147 475 2229 Spero
495 2147 531 2211 in
553 2148 633 2211 Deo.
681 2148 784 2230 [Ροοὶ.
808 2146 875 2209 xlii.
901 2144 965 2228 11.]

158 2270 295 2350 Vellem,
319 2273 346 2334 si
368 2273 449 2356 plus.
777 2273 904 2349 Metuo,
927 2292 981 2335 ne.

159 2397 271 2476 Doleo,
294 2398 380 2481 quod
402 2419 477 2462 non.
778 2397 972 2477 Gauderem,
996 2397 1033 2461 si.

604 2735 764 2801 Πιστεύω.

158 2904 306 2968 ΔΑΒΙΔ.
352 2903 416 2967 Τοῦ
448 2901 523 2967 ἰδεῖν
554 2903 596 2970 τὰ
628 2903 738 2987 ἀγαθὰ
777 2906 900 2990 Κυριον
933 2903 967 2969 ἐν
998 2905 1041 2988 γῇ
1078 2901 1211 2982 ζώντων.

244 3035 332 3097 Ριαὶ.
355 3032 448 3096 xxvii.
476 3033 527 3097 13.

156 3156 355 3225 ΠΑΤΛΟΤ.
392 3157 473 3224 Ὅτι
496 3159 638 3246 Χριστὸς
659 3158 784 3240 Ἰησοῦς
812 3158 912 3243 ἦλθεν
941 3183 986 3230 εις
1014 3157 1069 3224 τὸν
1091 3157 1213 3240 κόσμον

244 3282 452 3372 ἁμαρτωλοὺς
474 3288 591 3351 σῶσαι.
637 3289 653 3349 1
681 3288 757 3351 Τίνα.
781 3287 802 3350 i.
828 3290 879 3351 15.

157 3407 387 3476 ’IssANNO‘R
425 3409 507 3477 Ὅτι
531 3410 586 3476 ἐάν
615 3437 663 3482 τις
688 3409 828 3498 ἁμάρτῃ,
854 3409 1073 3498 Παράκλητον
1095 3410 1212 3498 ἔχομεν

244 3537 326 3627 πρὸς
348 3537 403 3603 τὸν
425 3537 557 3625 Πατέρα
578 3536 705 3618 Ἰησοῦν
725 3537 871 3625 Χριστὸν
893 3536 1025 3603 δίκαιον·
1098 3583 1100 3587 ⁴

204 3665 270 3730 Καὶ
292 3663 385 3736 αὐτὸς
408 3663 546 3748 ἱλασμός
568 3666 642 3730 ἐστι
663 3664 739 3752 περὶ
765 3668 829 3731 τῶν
850 3663 1016 3753 ἁμαρτιῶν
1036 3663 1134 3748 ἡμῶν,
1157 3665 1211 3731 καὶ

245 3794 322 3879 περὶ
343 3791 421 3857 ῦλου
442 3795 498 3857 τοῦ
520 3791 653 3875 κόσμου.
699 3796 716 3856 l
740 3793 792 3858 Jo.
815 3794 848 3858 ii.
874 3797 903 3873 l,
926 3796 957 3857 2.

161 3921 348 3986 ΠΕΤΡΟΥ.
384 3921 467 3986 Ὅτι
495 3920 541 3988 Σῦ
563 3918 630 3986 εῖὸ
661 3920 805 4008 Χριστὸς
826 3919 843 3986 ὅ
866 3919 942 3991 'ribo
959 3922 1015 3987 τοῦ
1044 3921 1128 3986 Θεοῦ
1156 3923 1213 3986 τοῦ

247 4051 367 4130 ζῶντος.
410 4052 511 4116 Matt.
534 4051 595 4116 xvi.
621 4052 674 4116 16.

162 4177 430 4244 ΝΑΘΑΝΑΗΛ.
465 4178 548 4244 Ὅτι
570 4178 616 4245 Σῦ
639 4175 669 4244 εἶ
689 4177 706 4243 ὁ
728 4176 803 4250 Tibe
825 4183 881 4244 τοῦ
904 4176 1029 4253 &cossai
1052 4177 1213 4248 Baooeoe

248 4308 305 4370 τοῦ
326 4303 473 4393 Ἰσραήλ.
519 4309 568 4372 .Ῑο.
591 4308 612 4370 i.
636 4310 688 4373 49.
1001 4316 1005 4321 '
