2910 5002
297 544 303 555 κ
438 455 607 531 raucus
632 453 948 522 economum.
1160 412 1295 516 aar

261 627 325 692 Sed
348 627 505 692 danobis

388 775 489 839 usque
511 754 552 818 ad
567 753 703 851 *finalem
726 759 759 818 et
781 759 963 818 extremum

519 881 679 965 spiritum,

435 1009 531 1093 digne
554 1030 643 1093 spem
666 1008 827 1092 suscipere

479 1137 688 1201 sanctitatum
709 1142 850 1214 marum,

608 1262 663 1328 Ad

180 1389 484 1469 Sanctificationem,
508 1389 797 1469 Illuminationem,

179 1515 491 1587 Corroborationem,
516 1516 725 1581 Levationem
754 1517 860 1583 oneris
890 1517 1067 1580 multorum
1088 1534 1233 1578 meorum

265 1657 479 1735 peccatorum,

179 1778 491 1845 Auerruncationem
512 1776 618 1839 omnis
640 1774 816 1839 Diabolieae

482 1901 686 1980 obsessionis,

183 2030 413 2116 Depulsionem
435 2038 468 2094 et
490 2029 689 2094 aversionem
711 2028 804 2092 malae
825 2048 905 2092 meae

400 2158 659 2235 conversationis,

185 2287 468 2352 Mortificationem
491 2286 687 2370 passionum,

186 2413 373 2480 Custodiam
395 2421 638 2498 praeceptom

186 2544 409 2627 Augmentum
432 2541 546 2605 divinae
568 2541 645 2605 Ture
666 2539 787 2623 gratiae,

231 2679 264 2735 et
286 2670 393 2754 Regni
415 2668 476 2732 rl¹ui
499 2667 754 2750 acquisitionem.

478 2887 549 2971 [(2.)
577 2888 660 2951 Posr
683 2885 953 2969 summosam]

191 3051 390 3116 Aisoumas
413 3055 447 3113 et
469 3054 730 3113 consummatum
753 3053 812 3126 est,

322 3175 474 3261 quicquid
494 3175 531 3239 in
552 3181 662 3240 nostra
683 3181 843 3258 potestate
865 3167 924 3254 est,

408 3302 546 3382 Christe,
570 3303 660 3366 Deus
682 3309 802 3380 noster,

281 3430 387 3514 quoad
408 3429 665 3515 Dispensationis
686 3431 764 3494 Tuae
786 3431 987 3515 mysterium.

197 3558 380 3623 Habuimus
402 3558 489 3622 enim
511 3557 699 3622 memoriam
721 3558 840 3622 Mortis
862 3560 948 3638 nra,

196 3687 350 3751 Vidimus
372 3692 485 3771 typum
510 3685 765 3751 Resurrectionis
787 3687 874 3766 inae,

198 3814 330 3899 Impleti
353 3835 463 3879 sumus
485 3813 552 3877 vita
572 3814 642 3877 'Pua
664 3819 793 3889 aeterna,

200 3941 400 4006 Fruitionem
422 3939 594 4004 habuimus
616 3938 804 4003 deliciarum
826 3937 977 4017 Taurum,

330 4090 466 4152 quarum
488 4068 579 4132 nulla
600 4075 649 4132 est
671 4067 810 4146 satietas,

289 4197 362 4262 Qua
384 4202 417 4260 et
439 4196 475 4259 in
497 4196 606 4261 futuro
629 4195 745 4261 saeculo

332 4322 404 4386 Nos
419 4343 531 4387 omnes
545 4323 673 4407 dignari
687 4323 886 4408 complaceat
900 4322 970 4402 tibi,
987 4321 1126 4387 Domine
1142 4323 1241 4388 Deos.
