<?xml version="1.0" encoding="UTF-8"?>
<!DOCTYPE html PUBLIC "-//W3C//DTD XHTML 1.0 Transitional//EN"
    "http://www.w3.org/TR/xhtml1/DTD/xhtml1-transitional.dtd">
<html xmlns="http://www.w3.org/1999/xhtml" xml:lang="en" lang="en">
 <head>
  <title>
</title>
<meta http-equiv="Content-Type" content="text/html;charset=utf-8" />
  <meta name='ocr-system' content='tesseract 3.04.00' />
  <meta name='ocr-capabilities' content='ocr_page ocr_carea ocr_par ocr_line ocrx_word'/>
</head>
<body>
  <div class='ocr_page' id='page_1' title='image "./precesprivataeq00andrgoog_0180.png"; bbox 0 0 2910 5002; ppageno 0'>
   <div class='ocr_carea' id='block_1_1' title="bbox 253 418 1126 516">
    <p class='ocr_par' dir='ltr' id='par_1_1' title="bbox 253 418 1126 516">
     <span class='ocr_line' id='line_1_1' title="bbox 253 418 1126 516; baseline 0.006 -36"><span class='ocrx_word' id='word_1_1' title='bbox 253 418 319 480; x_wconf 89' lang='grc'>160</span> <span class='ocrx_word' id='word_1_2' title='bbox 532 418 670 480; x_wconf 77' lang='lat' dir='ltr'><strong>ETXAI</strong></span> <span class='ocrx_word' id='word_1_3' title='bbox 696 418 1033 487; x_wconf 84' lang='grc' dir='ltr'>ΚΑΘΗΜΕΡΙΝΑΙ.</span> <span class='ocrx_word' id='word_1_4' title='bbox 1121 507 1126 516; x_wconf 33' lang='lat'>¹</span> 
     </span>
    </p>
   </div>
   <div class='ocr_carea' id='block_1_2' title="bbox 252 585 1059 1053">
    <p class='ocr_par' dir='ltr' id='par_1_2' title="bbox 255 585 1009 798">
     <span class='ocr_line' id='line_1_2' title="bbox 255 585 1009 676; baseline 0.008 -26"><span class='ocrx_word' id='word_1_5' title='bbox 255 585 432 668; x_wconf 84' lang='grc' dir='ltr'>Μνήσθητι</span> <span class='ocrx_word' id='word_1_6' title='bbox 453 590 518 653; x_wconf 92' lang='grc' dir='ltr'>τῶν</span> <span class='ocrx_word' id='word_1_7' title='bbox 538 586 644 671; x_wconf 78' lang='grc' dir='ltr'>λόγων</span> <span class='ocrx_word' id='word_1_8' title='bbox 665 614 726 654; x_wconf 92' lang='grc' dir='ltr'>σον</span> <span class='ocrx_word' id='word_1_9' title='bbox 747 592 793 676; x_wconf 81' lang='grc' dir='ltr'>τῶ</span> <span class='ocrx_word' id='word_1_10' title='bbox 814 587 917 675; x_wconf 75' lang='grc' dir='ltr'>δούλω</span> <span class='ocrx_word' id='word_1_11' title='bbox 940 617 1009 665; x_wconf 90' lang='grc' dir='ltr'>σον,</span> 
     </span>
     <span class='ocr_line' id='line_1_3' title="bbox 385 713 711 798; baseline 0 -18"><span class='ocrx_word' id='word_1_12' title='bbox 385 713 428 780; x_wconf 87' lang='grc' dir='ltr'>ῶν</span> <span class='ocrx_word' id='word_1_13' title='bbox 450 715 639 797; x_wconf 79' lang='grc' dir='ltr'>ε’πήλπισάς</span> <span class='ocrx_word' id='word_1_14' title='bbox 660 740 711 798; x_wconf 85' lang='grc' dir='ltr'>με·</span> 
     </span>
    </p>

    <p class='ocr_par' dir='ltr' id='par_1_3' title="bbox 252 839 1059 1053">
     <span class='ocr_line' id='line_1_4' title="bbox 252 839 1059 932; baseline 0.002 -25"><span class='ocrx_word' id='word_1_15' title='bbox 252 839 422 910; x_wconf 83' lang='grc' dir='ltr'>Ἐκλείπει</span> <span class='ocrx_word' id='word_1_16' title='bbox 445 843 488 914; x_wconf 83' lang='grc' dir='ltr'>εἰς</span> <span class='ocrx_word' id='word_1_17' title='bbox 509 846 546 909; x_wconf 84' lang='grc' dir='ltr'>τὸ</span> <span class='ocrx_word' id='word_1_18' title='bbox 569 843 727 931; x_wconf 84' lang='grc' dir='ltr'>σωτήριόν</span> <span class='ocrx_word' id='word_1_19' title='bbox 747 870 809 909; x_wconf 90' lang='grc' dir='ltr'>σον</span> <span class='ocrx_word' id='word_1_20' title='bbox 829 843 849 928; x_wconf 83' lang='grc' dir='ltr'><strong><em>ἡ</em></strong></span> <span class='ocrx_word' id='word_1_21' title='bbox 871 843 968 932; x_wconf 71' lang='grc' dir='ltr'>ψυχή</span> <span class='ocrx_word' id='word_1_22' title='bbox 988 871 1059 926; x_wconf 91' lang='grc' dir='ltr'>μον,</span> 
     </span>
     <span class='ocr_line' id='line_1_5' title="bbox 385 970 949 1053; baseline -0.002 -18"><span class='ocrx_word' id='word_1_23' title='bbox 385 970 430 1040; x_wconf 85' lang='grc' dir='ltr'>εἰς</span> <span class='ocrx_word' id='word_1_24' title='bbox 452 970 525 1041; x_wconf 83' lang='grc' dir='ltr'>τούς</span> <span class='ocrx_word' id='word_1_25' title='bbox 544 970 661 1052; x_wconf 74' lang='grc' dir='ltr'>λόγους</span> <span class='ocrx_word' id='word_1_26' title='bbox 683 997 744 1038; x_wconf 87' lang='grc' dir='ltr'>σου</span> <span class='ocrx_word' id='word_1_27' title='bbox 766 970 949 1053; x_wconf 78' lang='grc' dir='ltr'>ἐπήλπισα.</span> 
     </span>
    </p>
   </div>
   <div class='ocr_carea' id='block_1_3' title="bbox 247 1220 1302 3849">
    <p class='ocr_par' dir='ltr' id='par_1_4' title="bbox 250 1220 855 1310">
     <span class='ocr_line' id='line_1_6' title="bbox 250 1220 855 1310; baseline 0.005 -25"><span class='ocrx_word' id='word_1_28' title='bbox 250 1221 356 1308; x_wconf 82' lang='grc' dir='ltr'>Ὑπὲρ</span> <span class='ocrx_word' id='word_1_29' title='bbox 378 1220 559 1293; x_wconf 84' lang='grc' dir='ltr'>εύοδῶσεως</span> <span class='ocrx_word' id='word_1_30' title='bbox 580 1222 635 1288; x_wconf 83' lang='grc' dir='ltr'>καὶ</span> <span class='ocrx_word' id='word_1_31' title='bbox 657 1221 855 1310; x_wconf 79' lang='grc' dir='ltr'>ἑνισχύσεως</span> 
     </span>
    </p>

    <p class='ocr_par' dir='ltr' id='par_1_5' title="bbox 339 1351 953 1440">
     <span class='ocr_line' id='line_1_7' title="bbox 339 1351 953 1440; baseline 0.003 -24"><span class='ocrx_word' id='word_1_32' title='bbox 339 1352 460 1422; x_wconf 84' lang='grc' dir='ltr'>παντὸς</span> <span class='ocrx_word' id='word_1_33' title='bbox 481 1358 538 1418; x_wconf 83' lang='grc' dir='ltr'>τοῦ</span> <span class='ocrx_word' id='word_1_34' title='bbox 560 1351 780 1440; x_wconf 80' lang='grc' dir='ltr'>φιλοχρίστου</span> <span class='ocrx_word' id='word_1_35' title='bbox 801 1355 953 1439; x_wconf 83' lang='grc' dir='ltr'>στρατοῦ,</span> 
     </span>
    </p>

    <p class='ocr_par' dir='ltr' id='par_1_6' title="bbox 247 1479 1302 1824">
     <span class='ocr_line' id='line_1_8' title="bbox 426 1479 1302 1568; baseline 0.002 -22"><span class='ocrx_word' id='word_1_36' title='bbox 426 1479 509 1546; x_wconf 81' lang='grc' dir='ltr'>κατά</span> <span class='ocrx_word' id='word_1_37' title='bbox 529 1482 593 1546; x_wconf 88' lang='grc' dir='ltr'>τῶν</span> <span class='ocrx_word' id='word_1_38' title='bbox 614 1479 739 1568; x_wconf 70' lang='grc' dir='ltr'>ἐχθρῶν</span> <span class='ocrx_word' id='word_1_39' title='bbox 759 1483 818 1562; x_wconf 77' lang='grc' dir='ltr'>τῆς</span> <span class='ocrx_word' id='word_1_40' title='bbox 840 1479 1021 1562; x_wconf 68' lang='grc' dir='ltr'>α’νγιωτάτης</span> <span class='ocrx_word' id='word_1_41' title='bbox 1040 1480 1131 1564; x_wconf 77' lang='grc' dir='ltr'>ἡμῶν</span> <span class='ocrx_word' id='word_1_42' title='bbox 1151 1482 1302 1554; x_wconf 82' lang='grc' dir='ltr'>πίστεως.</span> 
     </span>
     <span class='ocr_line' id='line_1_9' title="bbox 247 1608 907 1697; baseline 0.002 -22"><span class='ocrx_word' id='word_1_43' title='bbox 247 1609 353 1697; x_wconf 78' lang='grc' dir='ltr'>Ὑπὲρ</span> <span class='ocrx_word' id='word_1_44' title='bbox 374 1611 438 1675; x_wconf 93' lang='grc' dir='ltr'>τῶν</span> <span class='ocrx_word' id='word_1_45' title='bbox 460 1611 494 1674; x_wconf 80' lang='grc' dir='ltr'>ἐν</span> <span class='ocrx_word' id='word_1_46' title='bbox 514 1608 618 1692; x_wconf 77' lang='grc' dir='ltr'>ἁγίοις</span> <span class='ocrx_word' id='word_1_47' title='bbox 639 1609 786 1697; x_wconf 76' lang='grc' dir='ltr'>πατέρων</span> <span class='ocrx_word' id='word_1_48' title='bbox 806 1609 907 1693; x_wconf 80' lang='grc' dir='ltr'>ἡμῶν,</span> 
     </span>
     <span class='ocr_line' id='line_1_10' title="bbox 297 1731 1056 1824; baseline 0.001 -22"><span class='ocrx_word' id='word_1_49' title='bbox 297 1738 351 1803; x_wconf 83' lang='grc' dir='ltr'>καὶ</span> <span class='ocrx_word' id='word_1_50' title='bbox 373 1731 483 1816; x_wconf 87' lang='grc' dir='ltr'>πάσης</span> <span class='ocrx_word' id='word_1_51' title='bbox 505 1737 539 1801; x_wconf 81' lang='grc' dir='ltr'>ἐν</span> <span class='ocrx_word' id='word_1_52' title='bbox 560 1739 697 1824; x_wconf 79' lang='grc' dir='ltr'>Χριστῷ</span> <span class='ocrx_word' id='word_1_53' title='bbox 717 1737 808 1820; x_wconf 79' lang='grc' dir='ltr'>ἡμῶν</span> <span class='ocrx_word' id='word_1_54' title='bbox 829 1736 1056 1823; x_wconf 82' lang='grc' dir='ltr'>άδελφότητος.</span> 
     </span>
    </p>

    <p class='ocr_par' dir='ltr' id='par_1_7' title="bbox 249 1861 1065 2206">
     <span class='ocr_line' id='line_1_11' title="bbox 250 1861 1052 1950; baseline -0.004 -23"><span class='ocrx_word' id='word_1_55' title='bbox 250 1862 355 1950; x_wconf 78' lang='grc' dir='ltr'>Ὑπὲρ</span> <span class='ocrx_word' id='word_1_56' title='bbox 376 1865 440 1928; x_wconf 88' lang='grc' dir='ltr'>τῶν</span> <span class='ocrx_word' id='word_1_57' title='bbox 460 1861 641 1945; x_wconf 82' lang='grc' dir='ltr'>μισούντων</span> <span class='ocrx_word' id='word_1_58' title='bbox 662 1863 717 1928; x_wconf 83' lang='grc' dir='ltr'>καὶ</span> <span class='ocrx_word' id='word_1_59' title='bbox 737 1861 936 1944; x_wconf 81' lang='grc' dir='ltr'>άγαπιύντων</span> <span class='ocrx_word' id='word_1_60' title='bbox 957 1862 1052 1946; x_wconf 77' lang='grc' dir='ltr'>ἡμᾶς.</span> 
     </span>
     <span class='ocr_line' id='line_1_12' title="bbox 249 1989 1065 2078; baseline 0.001 -24"><span class='ocrx_word' id='word_1_61' title='bbox 249 1989 353 2078; x_wconf 83' lang='grc' dir='ltr'>Ὑπὲρ</span> <span class='ocrx_word' id='word_1_62' title='bbox 376 1993 439 2055; x_wconf 92' lang='grc' dir='ltr'>τῶν</span> <span class='ocrx_word' id='word_1_63' title='bbox 460 1989 633 2056; x_wconf 70' lang='grc' dir='ltr'>ἐλεούντων</span> <span class='ocrx_word' id='word_1_64' title='bbox 655 1991 710 2056; x_wconf 83' lang='grc' dir='ltr'>καὶ</span> <span class='ocrx_word' id='word_1_65' title='bbox 731 1990 961 2057; x_wconf 78' lang='grc' dir='ltr'>διακονούντων</span> <span class='ocrx_word' id='word_1_66' title='bbox 980 1991 1065 2074; x_wconf 84' lang='grc' dir='ltr'>ἡμῖν.</span> 
     </span>
     <span class='ocr_line' id='line_1_13' title="bbox 249 2115 1035 2206; baseline 0 -24"><span class='ocrx_word' id='word_1_67' title='bbox 249 2116 353 2204; x_wconf 79' lang='grc' dir='ltr'>Ὑπὲρ</span> <span class='ocrx_word' id='word_1_68' title='bbox 376 2115 419 2182; x_wconf 88' lang='grc' dir='ltr'>ῶν</span> <span class='ocrx_word' id='word_1_69' title='bbox 442 2115 708 2200; x_wconf 84' lang='grc' dir='ltr'>ἐπηγγειλάμεθα</span> <span class='ocrx_word' id='word_1_70' title='bbox 729 2115 782 2182; x_wconf 81' lang='grc' dir='ltr'>διά</span> <span class='ocrx_word' id='word_1_71' title='bbox 802 2116 926 2199; x_wconf 78' lang='grc' dir='ltr'>μνήμης</span> <span class='ocrx_word' id='word_1_72' title='bbox 948 2118 1035 2206; x_wconf 69' lang='grc' dir='ltr'>ἔχειν</span> 
     </span>
    </p>

    <p class='ocr_par' dir='ltr' id='par_1_8' title="bbox 248 2242 1265 2963">
     <span class='ocr_line' id='line_1_14' title="bbox 339 2242 805 2331; baseline 0 -23"><span class='ocrx_word' id='word_1_73' title='bbox 339 2243 373 2308; x_wconf 80' lang='grc' dir='ltr'>ἐν</span> <span class='ocrx_word' id='word_1_74' title='bbox 394 2247 463 2314; x_wconf 84' lang='grc' dir='ltr'>ταῖς</span> <span class='ocrx_word' id='word_1_75' title='bbox 483 2247 684 2331; x_wconf 76' lang='grc' dir='ltr'>προσευχαῖς</span> <span class='ocrx_word' id='word_1_76' title='bbox 704 2242 805 2326; x_wconf 81' lang='grc' dir='ltr'>ἡμῶν</span> 
     </span>
     <span class='ocr_line' id='line_1_15' title="bbox 249 2367 908 2458; baseline 0 -25"><span class='ocrx_word' id='word_1_77' title='bbox 249 2367 355 2456; x_wconf 87' lang='grc' dir='ltr'>Ὑπὲρ</span> <span class='ocrx_word' id='word_1_78' title='bbox 376 2368 578 2456; x_wconf 87' lang='grc' dir='ltr'>άναρρύσεως</span> <span class='ocrx_word' id='word_1_79' title='bbox 597 2373 663 2436; x_wconf 91' lang='grc' dir='ltr'>τῶν</span> <span class='ocrx_word' id='word_1_80' title='bbox 680 2369 908 2458; x_wconf 73' lang='grc' dir='ltr'>αἰχμαλώτων.</span> 
     </span>
     <span class='ocr_line' id='line_1_16' title="bbox 250 2494 1265 2585; baseline 0 -24"><span class='ocrx_word' id='word_1_81' title='bbox 250 2495 354 2585; x_wconf 81' lang='grc' dir='ltr'>Ὑπὲρ</span> <span class='ocrx_word' id='word_1_82' title='bbox 376 2501 440 2562; x_wconf 91' lang='grc' dir='ltr'>τῶν</span> <span class='ocrx_word' id='word_1_83' title='bbox 461 2495 727 2584; x_wconf 76' lang='grc' dir='ltr'>ἀπολειφθέντων</span> <span class='ocrx_word' id='word_1_84' title='bbox 747 2496 896 2584; x_wconf 81' lang='grc' dir='ltr'>πατέρων</span> <span class='ocrx_word' id='word_1_85' title='bbox 918 2496 973 2562; x_wconf 81' lang='grc' dir='ltr'>καὶ</span> <span class='ocrx_word' id='word_1_86' title='bbox 995 2494 1146 2582; x_wconf 75' lang='grc' dir='ltr'>ἀδελφῶν</span> <span class='ocrx_word' id='word_1_87' title='bbox 1167 2494 1265 2578; x_wconf 78' lang='grc' dir='ltr'>ἡμῶν.</span> 
     </span>
     <span class='ocr_line' id='line_1_17' title="bbox 248 2623 863 2712; baseline -0.002 -23"><span class='ocrx_word' id='word_1_88' title='bbox 248 2625 353 2712; x_wconf 80' lang='grc' dir='ltr'>Ὑπὲρ</span> <span class='ocrx_word' id='word_1_89' title='bbox 376 2628 440 2690; x_wconf 92' lang='grc' dir='ltr'>τῶν</span> <span class='ocrx_word' id='word_1_90' title='bbox 462 2624 495 2689; x_wconf 83' lang='grc' dir='ltr'>ἐν</span> <span class='ocrx_word' id='word_1_91' title='bbox 518 2623 666 2707; x_wconf 85' lang='grc' dir='ltr'>θαλάττῃ</span> <span class='ocrx_word' id='word_1_92' title='bbox 689 2623 863 2690; x_wconf 85' lang='grc' dir='ltr'>πλεόντων.</span> 
     </span>
     <span class='ocr_line' id='line_1_18' title="bbox 248 2748 963 2837; baseline -0.003 -23"><span class='ocrx_word' id='word_1_93' title='bbox 248 2749 354 2837; x_wconf 85' lang='grc' dir='ltr'>Ὑπὲρ</span> <span class='ocrx_word' id='word_1_94' title='bbox 375 2753 439 2816; x_wconf 89' lang='grc' dir='ltr'>τῶν</span> <span class='ocrx_word' id='word_1_95' title='bbox 460 2750 495 2814; x_wconf 80' lang='grc' dir='ltr'>ἐν</span> <span class='ocrx_word' id='word_1_96' title='bbox 517 2748 697 2819; x_wconf 76' lang='grc' dir='ltr'>ἀσθενείαις</span> <span class='ocrx_word' id='word_1_97' title='bbox 720 2748 963 2830; x_wconf 76' lang='grc' dir='ltr'>κατακειμένων.</span> 
     </span>
     <span class='ocr_line' id='line_1_19' title="bbox 252 2873 1102 2963; baseline 0.006 -23"><span class='ocrx_word' id='word_1_98' title='bbox 252 2875 430 2960; x_wconf 80' lang='grc' dir='ltr'>Εύξῶμεθα</span> <span class='ocrx_word' id='word_1_99' title='bbox 451 2875 506 2940; x_wconf 82' lang='grc' dir='ltr'>καὶ</span> <span class='ocrx_word' id='word_1_100' title='bbox 527 2875 611 2963; x_wconf 85' lang='grc' dir='ltr'>ύπὲρ</span> <span class='ocrx_word' id='word_1_101' title='bbox 633 2873 781 2961; x_wconf 79' lang='grc' dir='ltr'>εύφορίας</span> <span class='ocrx_word' id='word_1_102' title='bbox 802 2877 936 2960; x_wconf 83' lang='grc' dir='ltr'>καρπῶν</span> <span class='ocrx_word' id='word_1_103' title='bbox 957 2878 1013 2955; x_wconf 75' lang='grc' dir='ltr'>τῆς</span> <span class='ocrx_word' id='word_1_104' title='bbox 1034 2879 1102 2956; x_wconf 78' lang='grc' dir='ltr'>γῆς·</span> 
     </span>
    </p>

    <p class='ocr_par' dir='ltr' id='par_1_9' title="bbox 296 2999 1157 3090">
     <span class='ocr_line' id='line_1_20' title="bbox 296 2999 1157 3090; baseline -0.006 -21"><span class='ocrx_word' id='word_1_105' title='bbox 296 3002 351 3069; x_wconf 86' lang='grc' dir='ltr'>καὶ</span> <span class='ocrx_word' id='word_1_106' title='bbox 373 3001 454 3090; x_wconf 81' lang='grc' dir='ltr'>ὑπὲρ</span> <span class='ocrx_word' id='word_1_107' title='bbox 476 3001 588 3080; x_wconf 84' lang='grc' dir='ltr'>πάσης</span> <span class='ocrx_word' id='word_1_108' title='bbox 608 3003 724 3089; x_wconf 70' lang='grc' dir='ltr'>ψυχῆς</span> <span class='ocrx_word' id='word_1_109' title='bbox 746 3003 951 3089; x_wconf 88' lang='grc' dir='ltr'>Χριστιανῶν</span> <span class='ocrx_word' id='word_1_110' title='bbox 971 2999 1157 3087; x_wconf 80' lang='grc' dir='ltr'>ὀρθοδόξων.</span> 
     </span>
    </p>

    <p class='ocr_par' dir='ltr' id='par_1_10' title="bbox 253 3125 941 3216">
     <span class='ocr_line' id='line_1_21' title="bbox 253 3125 941 3216; baseline 0.004 -22"><span class='ocrx_word' id='word_1_111' title='bbox 253 3129 498 3216; x_wconf 78' lang='grc' dir='ltr'>Μακαρύσωμεν</span> <span class='ocrx_word' id='word_1_112' title='bbox 519 3127 592 3197; x_wconf 80' lang='grc' dir='ltr'>τούς</span> <span class='ocrx_word' id='word_1_113' title='bbox 613 3125 760 3206; x_wconf 74' lang='grc' dir='ltr'>εὐσεβεῖς</span> <span class='ocrx_word' id='word_1_114' title='bbox 780 3129 941 3204; x_wconf 78' lang='grc' dir='ltr'>βασιλεῖς,</span> 
     </span>
    </p>

    <p class='ocr_par' dir='ltr' id='par_1_11' title="bbox 250 3254 984 3472">
     <span class='ocr_line' id='line_1_22' title="bbox 338 3254 811 3344; baseline 0.008 -22"><span class='ocrx_word' id='word_1_115' title='bbox 338 3256 412 3326; x_wconf 84' lang='grc' dir='ltr'>τούς</span> <span class='ocrx_word' id='word_1_116' title='bbox 433 3254 621 3343; x_wconf 79' lang='grc' dir='ltr'>ὄρθοδάξονς</span> <span class='ocrx_word' id='word_1_117' title='bbox 641 3254 811 3344; x_wconf 77' lang='grc' dir='ltr'>ἀρχιερεῖς,</span> 
     </span>
     <span class='ocr_line' id='line_1_23' title="bbox 250 3382 984 3472; baseline 0.005 -26"><span class='ocrx_word' id='word_1_118' title='bbox 250 3383 333 3455; x_wconf 84' lang='grc' dir='ltr'>Τούς</span> <span class='ocrx_word' id='word_1_119' title='bbox 354 3384 524 3472; x_wconf 78' lang='grc' dir='ltr'>κτύστορας</span> <span class='ocrx_word' id='word_1_120' title='bbox 546 3388 602 3466; x_wconf 85' lang='grc' dir='ltr'>τῆς</span> <span class='ocrx_word' id='word_1_121' title='bbox 623 3382 716 3466; x_wconf 60' lang='lat' dir='ltr'>&amp;slas</span> <span class='ocrx_word' id='word_1_122' title='bbox 736 3388 836 3467; x_wconf 82' lang='grc' dir='ltr'>μονῆς</span> <span class='ocrx_word' id='word_1_123' title='bbox 858 3383 984 3463; x_wconf 84' lang='grc' dir='ltr'>ταύτης,</span> 
     </span>
    </p>

    <p class='ocr_par' dir='ltr' id='par_1_12' title="bbox 254 3509 983 3723">
     <span class='ocr_line' id='line_1_24' title="bbox 338 3509 650 3594; baseline 0 -19"><span class='ocrx_word' id='word_1_124' title='bbox 338 3509 410 3581; x_wconf 89' lang='grc' dir='ltr'>τούς</span> <span class='ocrx_word' id='word_1_125' title='bbox 430 3515 533 3593; x_wconf 86' lang='grc' dir='ltr'>γονεῖς</span> <span class='ocrx_word' id='word_1_126' title='bbox 553 3509 650 3594; x_wconf 79' lang='grc' dir='ltr'>ἡμῶν,</span> 
     </span>
     <span class='ocr_line' id='line_1_25' title="bbox 254 3634 983 3723; baseline 0.001 -21"><span class='ocrx_word' id='word_1_127' title='bbox 254 3636 320 3702; x_wconf 67' lang='grc' dir='ltr'>Καὶ</span> <span class='ocrx_word' id='word_1_128' title='bbox 340 3635 465 3706; x_wconf 81' lang='grc' dir='ltr'>πάντας</span> <span class='ocrx_word' id='word_1_129' title='bbox 485 3634 753 3723; x_wconf 87' lang='grc' dir='ltr'>προαπελθόντας</span> <span class='ocrx_word' id='word_1_130' title='bbox 774 3634 983 3723; x_wconf 84' lang='grc' dir='ltr'>προπάτορας</span> 
     </span>
    </p>

    <p class='ocr_par' dir='ltr' id='par_1_13' title="bbox 338 3761 696 3849">
     <span class='ocr_line' id='line_1_26' title="bbox 338 3761 696 3849; baseline -0.014 -17"><span class='ocrx_word' id='word_1_131' title='bbox 338 3765 393 3832; x_wconf 84' lang='grc' dir='ltr'>καὶ</span> <span class='ocrx_word' id='word_1_132' title='bbox 415 3762 575 3849; x_wconf 79' lang='grc' dir='ltr'>ἀδελφούς</span> <span class='ocrx_word' id='word_1_133' title='bbox 596 3761 696 3845; x_wconf 83' lang='grc' dir='ltr'>ἡμῶν.</span> 
     </span>
    </p>
   </div>
   <div class='ocr_carea' id='block_1_4' title="bbox 250 4013 888 4230">
    <p class='ocr_par' dir='ltr' id='par_1_14' title="bbox 250 4013 888 4230">
     <span class='ocr_line' id='line_1_27' title="bbox 469 4013 888 4102; baseline 0.002 -23"><span class='ocrx_word' id='word_1_134' title='bbox 469 4015 597 4081; x_wconf 82' lang='grc' dir='ltr'>Γὲνοιτὸ</span> <span class='ocrx_word' id='word_1_135' title='bbox 616 4041 680 4097; x_wconf 90' lang='grc' dir='ltr'>μοι,</span> <span class='ocrx_word' id='word_1_136' title='bbox 705 4014 813 4102; x_wconf 88' lang='grc' dir='ltr'>Κύριε,</span> <span class='ocrx_word' id='word_1_137' title='bbox 836 4013 888 4080; x_wconf 79' lang='grc' dir='ltr'>ἀεὶ</span> 
     </span>
     <span class='ocr_line' id='line_1_28' title="bbox 250 4139 611 4230; baseline -0.003 -22"><span class='ocrx_word' id='word_1_138' title='bbox 250 4142 271 4224; x_wconf 76' lang='grc' dir='ltr'><em>ἦ</em></span> <span class='ocrx_word' id='word_1_139' title='bbox 293 4142 367 4230; x_wconf 83' lang='grc' dir='ltr'>χεὶρ</span> <span class='ocrx_word' id='word_1_140' title='bbox 389 4139 529 4230; x_wconf 87' lang='grc' dir='ltr'>κραταιά</span> <span class='ocrx_word' id='word_1_141' title='bbox 550 4168 611 4208; x_wconf 86' lang='grc' dir='ltr'>σον</span> 
     </span>
    </p>
   </div>
   <div class='ocr_carea' id='block_1_5' title="bbox 339 4266 662 4355">
    <p class='ocr_par' dir='ltr' id='par_1_15' title="bbox 339 4266 662 4355">
     <span class='ocr_line' id='line_1_29' title="bbox 339 4266 662 4355; baseline 0 -23"><span class='ocrx_word' id='word_1_142' title='bbox 339 4266 383 4336; x_wconf 77' lang='grc' dir='ltr'>εἰς</span> <span class='ocrx_word' id='word_1_143' title='bbox 403 4267 662 4355; x_wconf 82' lang='grc' dir='ltr'>ύπερασπισμὸν,</span> 
     </span>
    </p>
   </div>
   <div class='ocr_carea' id='block_1_6' title="bbox 0 0 1462 5002">
    <p class='ocr_par' dir='ltr' id='par_1_16' title="bbox 0 0 1462 5002">
     <span class='ocr_line' id='line_1_30' title="bbox 0 0 1462 5002; baseline 0 0"><span class='ocrx_word' id='word_1_144' title='bbox 0 0 1462 5002; x_wconf 95' lang='lat' dir='ltr'> </span> 
     </span>
    </p>
   </div>
  </div>
 </body>
</html>
